@ARTICLE{art:schonrich+19,
       author = {{Sch{\"o}nrich}, Ralph and {McMillan}, Paul and {Eyer}, Laurent},
        title = "{Distances and parallax bias in Gaia DR2}",
      journal = {arXiv e-prints},
     keywords = {Astrophysics - Astrophysics of Galaxies, Astrophysics - Instrumentation and Methods for Astrophysics, Astrophysics - Solar and Stellar Astrophysics},
         year = "2019",
        month = "Feb",
          eid = {arXiv:1902.02355},
        pages = {arXiv:1902.02355},
archivePrefix = {arXiv},
       eprint = {1902.02355},
 primaryClass = {astro-ph.GA},
       adsurl = {https://ui.adsabs.harvard.edu/\#abs/2019arXiv190202355S},
      adsnote = {Provided by the SAO/NASA Astrophysics Data System}
}


@article{sw:jupyter,
    Author = {Thomas Kluyver and Benjamin Ragan-Kelley and Fernando P{\'e}rez and Brian Granger and Matthias Bussonnier and Jonathan Frederic and Kyle Kelley and Jessica Hamrick and Jason Grout and Sylvain Corlay and Paul Ivanov and Dami{\'a}n Avila and Safia Abdalla and Carol Willing},
    Booktitle = {Positioning and Power in Academic Publishing: Players, Agents and Agendas},
    journal = {IOS Press},
    Pages = {87 - 90},
    Title = {Jupyter Notebooks -- a publishing format for reproducible computational workflows},
    Year = {2016}
}

@article{sw:corner,
    Author = {Daniel Foreman-Mackey},
    Doi = {10.21105/joss.00024},
    Title = {corner.py: Scatterplot matrices in Python},
    Journal = {The Journal of Open Source Software},
    Year = 2016,
    Volume = 24,
    Url = {http://dx.doi.org/10.5281/zenodo.45906}
}

@article{sw:pystan,
    Author = {{Stan Development Team}},
    Title = {PyStan: the Python interface to Stan, Version 2.17.1.0},
    Year = 2018,
    Url = {http://mc-stan.org}
}

@article{sw:daft,
    Author = {Dan Foreman-Mackey and David W. Hogg},
    Title = {DAFT: Beautifully Rendered Probabilistic Graphical Models},
    Year = 2012,
    Url = {http://daft-pgm.org/}
}

@article{sw:seaborn,
  author       = {Michael Waskom and
                  Olga Botvinnik and
                  Drew O'Kane and
                  Paul Hobson and
                  Saulius Lukauskas and
                  David C Gemperline and
                  Tom Augspurger and
                  Yaroslav Halchenko and
                  John B. Cole and
                  Jordi Warmenhoven and
                  Julian de Ruiter and
                  Cameron Pye and
                  Stephan Hoyer and
                  Jake Vanderplas and
                  Santi Villalba and
                  Gero Kunter and
                  Eric Quintero and
                  Pete Bachant and
                  Marcel Martin and
                  Kyle Meyer and
                  Alistair Miles and
                  Yoav Ram and
                  Tal Yarkoni and
                  Mike Lee Williams and
                  Constantine Evans and
                  Clark Fitzgerald and
                  Brian and
                  Chris Fonnesbeck and
                  Antony Lee and
                  Adel Qalieh},
  year         = {2017},
  journal          = {doi:10.5281/zenodo.883859}},
}

@article{sw:numpy,
    Author = {Travis E, Oliphant},
    Title = {A guide to NumPy},
    Year = 2006,
    journal={USA: Trelgol Publishing}
}

@article{sw:scikit,
 title={{Scikit-learn: Machine Learning in Python }},
 author={Pedregosa, F. and Varoquaux, G. and Gramfort, A. and Michel, V.
         and Thirion, B. and Grisel, O. and Blondel, M. and Prettenhofer, P.
         and Weiss, R. and Dubourg, V. and Vanderplas, J. and Passos, A. and
         Cournapeau, D. and Brucher, M. and Perrot, M. and Duchesnay, E.},
 journal={Journal of Machine Learning Research},
 volume={12},
 pages={2825--2830},
 year={2011}
}

@article{sw:ipython,
  Author    = {P\'erez, Fernando and Granger, Brian E.},
  Title     = {{IP}ython: a System for Interactive Scientific Computing},
  Journal   = {Computing in Science and Engineering},
  Volume    = {9},
  Number    = {3},
  Pages     = {21--29},
  month     = may,
  year      = 2007,
  url       = "https://ipython.org",
  ISSN      = "1521-9615",
  doi       = {10.1109/MCSE.2007.53},
  publisher = {IEEE Computer Society},
}

@article{sw:matplotlib,
  Author    = {Hunter, J. D.},
  Title     = {Matplotlib: A 2D graphics environment},
  Journal   = {Computing In Science \& Engineering},
  Volume    = {9},
  Number    = {3},
  Pages     = {90--95},
  abstract  = {Matplotlib is a 2D graphics package used for Python
  for application development, interactive scripting, and
  publication-quality image generation across user
  interfaces and operating systems.},
  publisher = {IEEE COMPUTER SOC},
  doi       = {10.1109/MCSE.2007.55},
  year      = 2007
}


@article{sw:pandas,
  author    = { Wes McKinney },
  title     = { Data Structures for Statistical Computing in Python },
  booktitle = { Proceedings of the 9th Python in Science Conference },
  pages     = { 51 - 56 },
  year      = { 2010 },
  editor    = { St\'efan van der Walt and Jarrod Millman }
}


@article{art:silvaaguirre+2012,
  title = {Verifying {{Asteroseismically Determined Parameters}} of {{Kepler Stars Using Hipparcos Parallaxes}}: {{Self}}-Consistent {{Stellar Properties}} and {{Distances}}},
  volume = {757},
  issn = {0004-637X},
  shorttitle = {Verifying {{Asteroseismically Determined Parameters}} of {{Kepler Stars Using Hipparcos Parallaxes}}},
  doi = {10.1088/0004-637X/757/1/99},
  journal = {The Astrophysical Journal},
  author = {Silva Aguirre, V. and Casagrande, L. and Basu, S. and Campante, T. L. and Chaplin, W. J. and Huber, D. and Miglio, A. and Serenelli, A. M. and Ballot, J. and Bedding, T. R. and {Christensen-Dalsgaard}, J. and Creevey, O. L. and Elsworth, Y. and Garc\'ia, R. A. and Gilliland, R. L. and Hekker, S. and Kjeldsen, H. and Mathur, S. and Metcalfe, T. S. and Monteiro, M. J. P. F. G. and Mosser, B. and Pinsonneault, M. H. and Stello, D. and Weiss, A. and Tenenbaum, P. and Twicken, J. D. and Uddin, K.},
  month = sep,
  year = {2012},
  keywords = {stars: fundamental parameters,stars: oscillations,parallaxes,asteroseismology,stars: distances},
  pages = {99},
  file = {/home/oliver/.zotero/zotero/jo6li438.default/zotero/storage/WU5V5V33/Silva Aguirre et al. - 2012 - Verifying Asteroseismically Determined Parameters .pdf}
}

@article{art:stassun+torres2018,
  title = {Evidence for a {{Systematic Offset}} of -80 $M$as in the {{Gaia DR2 Parallaxes}}},
  volume = {862},
  doi = {10.3847/1538-4357/aacafc},
  number = {1},
  journal = {Astrophys. J.},
  author = {Stassun, Keivan G. and Torres, Guillermo},
  month = jul,
  year = {2018},
  pages = {61},
  file = {/home/oliver/.zotero/zotero/jo6li438.default/zotero/storage/6YHQSRZY/Stassun and Torres - 2018 - Evidence for a Systematic Offset of −80 μas in the.pdf;/home/oliver/.zotero/zotero/jo6li438.default/zotero/storage/H4PGZN55/ui.adsabs.harvard.edu.html}
}

@article{art:stassun+torres2016,
  title = {Evidence for a Systematic Offset of \$-\$0.25 Mas in the {{Gaia DR1}} Parallaxes},
  journal = {ArXiv E-Prints},
  author = {Stassun, Keivan G. and Torres, Guillermo},
  month = sep,
  year = {2016},
  pages = {arXiv:1609.05390},
  file = {/home/oliver/.zotero/zotero/jo6li438.default/zotero/storage/C2QCATFY/Stassun and Torres - 2016 - Evidence for a systematic offset of $-$0.25 mas in.pdf;/home/oliver/.zotero/zotero/jo6li438.default/zotero/storage/JQQ2VGYH/ui.adsabs.harvard.edu.html}
}

@article{art:davies+2017,
  title = {Using Red Clump Stars to Correct the {{Gaia DR1}} Parallaxes},
  volume = {598},
  doi = {10.1051/0004-6361/201630066},
  journal = {Astron. Astrophys.},
  author = {Davies, Guy R. and Lund, Mikkel N. and Miglio, Andrea and Elsworth, Yvonne and Kuszlewicz, James S. and North, Thomas S. H. and Rendle, Ben and Chaplin, William J. and Rodrigues, Tha\'ise S. and Campante, Tiago L. and Girardi, L\'eo and Hale, Steven J. and Hall, Oliver and Jones, Caitlin D. and Kawaler, Steven D. and Roxburgh, Ian and Schofield, Mathew},
  month = feb,
  year = {2017},
  pages = {L4},
  file = {/home/oliver/.zotero/zotero/jo6li438.default/zotero/storage/6T76VQD7/Davies et al. - 2017 - Using red clump stars to correct the Gaia DR1 para.pdf;/home/oliver/.zotero/zotero/jo6li438.default/zotero/storage/SDRPUYMA/ui.adsabs.harvard.edu.html}
}

@article{art:lindegren+2018,
       author = {{Lindegren}, L. and {Hern{\'a}ndez}, J. and {Bombrun}, A. and
         {Klioner}, S. and {Bastian}, U. and {Ramos-Lerate}, M. and
         {de Torres}, A. and {Steidelm{\"u}ller}, H. and {Stephenson}, C. and
         {Hobbs}, D. and {Lammers}, U. and {Biermann}, M. and {Geyer}, R. and
         {Hilger}, T. and {Michalik}, D. and {Stampa}, U. and {McMillan}, P.~J. and
         {Casta{\~n}eda}, J. and {Clotet}, M. and {Comoretto}, G. and
         {Davidson}, M. and {Fabricius}, C. and {Gracia}, G. and
         {Hambly}, N.~C. and {Hutton}, A. and {Mora}, A. and {Portell}, J. and
         {van Leeuwen}, F. and {Abbas}, U. and {Abreu}, A. and {Altmann}, M. and
         {Andrei}, A. and {Anglada}, E. and {Balaguer-N{\'u}{\~n}ez}, L. and
         {Barache}, C. and {Becciani}, U. and {Bertone}, S. and {Bianchi}, L. and
         {Bouquillon}, S. and {Bourda}, G. and {Br{\"u}semeister}, T. and
         {Bucciarelli}, B. and {Busonero}, D. and {Buzzi}, R. and
         {Cancelliere}, R. and {Carlucci}, T. and {Charlot}, P. and {Cheek}, N. and
         {Crosta}, M. and {Crowley}, C. and {de Bruijne}, J. and
         {de Felice}, F. and {Drimmel}, R. and {Esquej}, P. and {Fienga}, A. and
         {Fraile}, E. and {Gai}, M. and {Garralda}, N. and
         {Gonz{\'a}lez-Vidal}, J.~J. and {Guerra}, R. and {Hauser}, M. and
         {Hofmann}, W. and {Holl}, B. and {Jordan}, S. and {Lattanzi}, M.~G. and
         {Lenhardt}, H. and {Liao}, S. and {Licata}, E. and {Lister}, T. and
         {L{\"o}ffler}, W. and {Marchant}, J. and {Martin-Fleitas}, J. -M. and
         {Messineo}, R. and {Mignard}, F. and {Morbidelli}, R. and {Poggio}, E. and
         {Riva}, A. and {Rowell}, N. and {Salguero}, E. and {Sarasso}, M. and
         {Sciacca}, E. and {Siddiqui}, H. and {Smart}, R.~L. and {Spagna}, A. and
         {Steele}, I. and {Taris}, F. and {Torra}, J. and {van Elteren}, A. and
         {van Reeven}, W. and {Vecchiato}, A.},
        title = "{Gaia Data Release 2. The astrometric solution}",
      journal = {\aap},
     keywords = {astrometry, parallaxes, proper motions, methods: data analysis, space vehicles: instruments, reference systems, Astrophysics - Instrumentation and Methods for Astrophysics},
         year = "2018",
        month = "Aug",
       volume = {616},
          eid = {A2},
        pages = {A2},
          doi = {10.1051/0004-6361/201832727},
archivePrefix = {arXiv},
       eprint = {1804.09366},
 primaryClass = {astro-ph.IM},
       adsurl = {https://ui.adsabs.harvard.edu/\#abs/2018A&A...616A...2L},
      adsnote = {Provided by the SAO/NASA Astrophysics Data System}
}


@article{art:lindegren+2012,
  title = {The Astrometric Core Solution for the {{Gaia}} Mission. {{Overview}} of Models, Algorithms, and Software Implementation},
  volume = {538},
  doi = {10.1051/0004-6361/201117905},
  language = {en},
  journal = {Astron. Astrophys.},
  author = {Lindegren, L. and Lammers, U. and Hobbs, D. and O'Mullane, W. and Bastian, U. and Hern\'andez, J.},
  month = feb,
  year = {2012},
  pages = {A78},
  file = {/home/oliver/.zotero/zotero/jo6li438.default/zotero/storage/8C4B45SF/Lindegren et al. - 2012 - The astrometric core solution for the Gaia mission.pdf;/home/oliver/.zotero/zotero/jo6li438.default/zotero/storage/K94IJX6G/ui.adsabs.harvard.edu.html}
}

@article{art:astraatmadja+bailer-jones2017,
  title = {Estimating Distances from Parallaxes},
  journal = {Am. Astron. Soc. Meet. Abstr.},
  author = {Astraatmadja, Tri L. and {Bailer-Jones}, Coryn},
  month = jan,
  year = {2017},
  pages = {134.06},
  file = {/home/oliver/.zotero/zotero/jo6li438.default/zotero/storage/9GJFBE85/ui.adsabs.harvard.edu.html}
}

@article{art:bailer-jones2015,
  title = {Estimating {{Distances}} from {{Parallaxes}}},
  volume = {127},
  doi = {10.1086/683116},
  number = {956},
  journal = {Publ. Astron. Soc. Pac.},
  author = {{Bailer-Jones}, Coryn A. L.},
  month = oct,
  year = {2015},
  pages = {994},
  file = {/home/oliver/.zotero/zotero/jo6li438.default/zotero/storage/RB59DX54/Bailer-Jones - 2015 - Estimating Distances from Parallaxes.pdf;/home/oliver/.zotero/zotero/jo6li438.default/zotero/storage/FBD66RUW/ui.adsabs.harvard.edu.html}
}

@article{art:astraatmadja+bailer-jones2016,
  title = {Estimating {{Distances}} from {{Parallaxes}}. {{II}}. {{Performance}} of {{Bayesian Distance Estimators}} on a {{Gaia}}-like {{Catalogue}}},
  volume = {832},
  doi = {10.3847/0004-637X/832/2/137},
  number = {2},
  journal = {Astrophys. J.},
  author = {Astraatmadja, Tri L. and {Bailer-Jones}, Coryn A. L.},
  month = dec,
  year = {2016},
  pages = {137},
  file = {/home/oliver/.zotero/zotero/jo6li438.default/zotero/storage/P95BD9AA/Astraatmadja and Bailer-Jones - 2016 - Estimating Distances from Parallaxes. II. Performa.pdf;/home/oliver/.zotero/zotero/jo6li438.default/zotero/storage/AQ9M7VT9/ui.adsabs.harvard.edu.html}
}

@article{art:astraatmadja+bailer-jones2016a,
  title = {Estimating {{Distances}} from {{Parallaxes}}. {{III}}. {{Distances}} of {{Two Million Stars}} in the {{Gaia DR1 Catalogue}}},
  volume = {833},
  doi = {10.3847/1538-4357/833/1/119},
  number = {1},
  journal = {Astrophys. J.},
  author = {Astraatmadja, Tri L. and {Bailer-Jones}, Coryn A. L.},
  month = dec,
  year = {2016},
  pages = {119},
  file = {/home/oliver/.zotero/zotero/jo6li438.default/zotero/storage/FKGK9NQ9/Astraatmadja and Bailer-Jones - 2016 - Estimating Distances from Parallaxes. III. Distanc.pdf;/home/oliver/.zotero/zotero/jo6li438.default/zotero/storage/YQR9DH5M/ui.adsabs.harvard.edu.html}
}

@article{art:bailer-jones+2018,
  title = {Estimating {{Distance}} from {{Parallaxes}}. {{IV}}. {{Distances}} to 1.33 {{Billion Stars}} in {{Gaia Data Release}} 2},
  volume = {156},
  doi = {10.3847/1538-3881/aacb21},
  number = {2},
  journal = {Astron. J.},
  author = {{Bailer-Jones}, C. a. L. and Rybizki, J. and Fouesneau, M. and Mantelet, G. and Andrae, R.},
  month = aug,
  year = {2018},
  pages = {58},
  file = {/home/oliver/.zotero/zotero/jo6li438.default/zotero/storage/L4QJXISG/Bailer-Jones et al. - 2018 - Estimating Distance from Parallaxes. IV. Distances.pdf;/home/oliver/.zotero/zotero/jo6li438.default/zotero/storage/PMTSHZUT/ui.adsabs.harvard.edu.html}
}

@article{art:leistedt+hogg2017,
  title = {Hierarchical {{Probabilistic Inference}} of the {{Color}}-{{Magnitude Diagram}} and {{Shrinkage}} of {{Stellar Distance Uncertainties}}},
  volume = {154},
  doi = {10.3847/1538-3881/aa91d5},
  number = {6},
  journal = {Astron. J.},
  author = {Leistedt, Boris and Hogg, David W.},
  month = dec,
  year = {2017},
  pages = {222},
  file = {/home/oliver/.zotero/zotero/jo6li438.default/zotero/storage/NNEVVKV7/Leistedt and Hogg - 2017 - Hierarchical Probabilistic Inference of the Color-.pdf;/home/oliver/.zotero/zotero/jo6li438.default/zotero/storage/TLLKQMS5/ui.adsabs.harvard.edu.html}
}

@article{art:leistedt+2018,
  title = {Hierarchical Modeling and Statistical Calibration for Photometric Redshifts},
  journal = {ArXiv E-Prints},
  author = {Leistedt, Boris and Hogg, David W. and Wechsler, Risa H. and DeRose, Joe},
  month = jul,
  year = {2018},
  pages = {arXiv:1807.01391},
  file = {/home/oliver/.zotero/zotero/jo6li438.default/zotero/storage/76VSIK5G/Leistedt et al. - 2018 - Hierarchical modeling and statistical calibration .pdf;/home/oliver/.zotero/zotero/jo6li438.default/zotero/storage/HW8WMWNP/ui.adsabs.harvard.edu.html}
}

@article{art:cantat-gaudin+2018,
  title = {A {{Gaia DR2}} View of the {{Open Cluster}} Population in the {{Milky Way}}},
  journal = {ArXiv E-Prints},
  author = {{Cantat-Gaudin}, T. and Jordi, C. and Vallenari, A. and Bragaglia, A. and {Balaguer-N\'u\~nez}, L. and Soubiran, C. and Bossini, D. and Moitinho, A. and {Castro-Ginard}, A. and {Krone-Martins}, A. and Casamiquela, L. and Sordo, R. and Carrera, R.},
  month = may,
  year = {2018},
  pages = {arXiv:1805.08726},
  file = {/home/oliver/.zotero/zotero/jo6li438.default/zotero/storage/VC9UNBFN/Cantat-Gaudin et al. - 2018 - A Gaia DR2 view of the Open Cluster population in .pdf;/home/oliver/.zotero/zotero/jo6li438.default/zotero/storage/M2IGC9AK/ui.adsabs.harvard.edu.html}
}

@article{art:anderson+2017,
  title = {Improving $\backslash$textsl\{\vphantom\}{{Gaia}}\vphantom\{\} Parallax Precision with a Data-Driven Model of Stars},
  journal = {ArXiv E-Prints},
  author = {Anderson, Lauren and Hogg, David W. and Leistedt, Boris and {Price-Whelan}, Adrian M. and Bovy, Jo},
  month = jun,
  year = {2017},
  pages = {arXiv:1706.05055},
  file = {/home/oliver/.zotero/zotero/jo6li438.default/zotero/storage/54FLIXKH/Anderson et al. - 2017 - Improving textsl Gaia parallax precision with a .pdf;/home/oliver/.zotero/zotero/jo6li438.default/zotero/storage/IIIBFGJX/ui.adsabs.harvard.edu.html}
}

@article{art:riess+2018,
  title = {Milky {{Way Cepheid Standards}} for {{Measuring Cosmic Distances}} and {{Application}} to {{Gaia DR2}}: {{Implications}} for the {{Hubble Constant}}},
  volume = {861},
  shorttitle = {Milky {{Way Cepheid Standards}} for {{Measuring Cosmic Distances}} and {{Application}} to {{Gaia DR2}}},
  doi = {10.3847/1538-4357/aac82e},
  number = {2},
  journal = {Astrophys. J.},
  author = {Riess, Adam G. and Casertano, Stefano and Yuan, Wenlong and Macri, Lucas and Bucciarelli, Beatrice and Lattanzi, Mario G. and MacKenty, John W. and Bowers, J. Bradley and Zheng, WeiKang and Filippenko, Alexei V. and Huang, Caroline and Anderson, Richard I.},
  month = jul,
  year = {2018},
  pages = {126},
  file = {/home/oliver/.zotero/zotero/jo6li438.default/zotero/storage/CY8U8XYN/Riess et al. - 2018 - Milky Way Cepheid Standards for Measuring Cosmic D.pdf;/home/oliver/.zotero/zotero/jo6li438.default/zotero/storage/YUA43W3M/ui.adsabs.harvard.edu.html}
}

@ARTICLE{art:arenou+2018,
       author = {{Arenou}, F. and {Luri}, X. and {Babusiaux}, C. and {Fabricius}, C. and
         {Helmi}, A. and {Muraveva}, T. and {Robin}, A.~C. and {Spoto}, F. and
         {Vallenari}, A. and {Antoja}, T. and {Cantat-Gaudin}, T. and
         {Jordi}, C. and {Leclerc}, N. and {Reyl{\'e}}, C. and
         {Romero-G{\'o}mez}, M. and {Shih}, I. -C. and {Soria}, S. and
         {Barache}, C. and {Bossini}, D. and {Bragaglia}, A. and
         {Breddels}, M.~A. and {Fabrizio}, M. and {Lambert}, S. and
         {Marrese}, P.~M. and {Massari}, D. and {Moitinho}, A. and
         {Robichon}, N. and {Ruiz-Dern}, L. and {Sordo}, R. and
         {Veljanoski}, J. and {Eyer}, L. and {Jasniewicz}, G. and {Pancino}, E. and
         {Soubiran}, C. and {Spagna}, A. and {Tanga}, P. and {Turon}, C. and
         {Zurbach}, C.},
        title = "{Gaia Data Release 2. Catalogue validation}",
      journal = {\aap},
     keywords = {catalogs, stars: fundamental parameters, astrometry, techniques: radial velocities, stars: variables: general, minor planets, asteroids: general, Astrophysics - Astrophysics of Galaxies, Astrophysics - Instrumentation and Methods for Astrophysics},
         year = "2018",
        month = "Aug",
       volume = {616},
          eid = {A17},
        pages = {A17},
          doi = {10.1051/0004-6361/201833234},
archivePrefix = {arXiv},
       eprint = {1804.09375},
 primaryClass = {astro-ph.GA},
       adsurl = {https://ui.adsabs.harvard.edu/\#abs/2018A&A...616A..17A},
      adsnote = {Provided by the SAO/NASA Astrophysics Data System}
}



@article{art:kounkel+2018,
  title = {{{VLBA Observations}} of {{Strong Anisotripic Radio Scattering Toward}} the {{Orion Nebula}}},
  volume = {155},
  doi = {10.3847/1538-3881/aabc58},
  number = {5},
  journal = {Astron. J.},
  author = {Kounkel, Marina and Hartmann, Lee and Loinard, Laurent and Mioduszewski, Amy J. and Rodr\'iguez, Luis F. and {Ortiz-Le\'on}, Gisela N. and Johnson, Michael D. and Torres, Rosa M. and Brice\~no, Cesar},
  month = may,
  year = {2018},
  pages = {218},
  file = {/home/oliver/.zotero/zotero/jo6li438.default/zotero/storage/FIDJXXNI/Kounkel et al. - 2018 - VLBA Observations of Strong Anisotripic Radio Scat.pdf;/home/oliver/.zotero/zotero/jo6li438.default/zotero/storage/YRZUTI2P/ui.adsabs.harvard.edu.html}
}

@article{art:christensen-dalsgaard+2010,
  title = {Asteroseismic {{Investigation}} of {{Known Planet Hosts}} in the {{Kepler Field}}},
  volume = {713},
  doi = {10.1088/2041-8205/713/2/L164},
  number = {2},
  journal = {Astrophys. J.},
  author = {{Christensen-Dalsgaard}, J. and Kjeldsen, H. and Brown, T. M. and Gilliland, R. L. and Arentoft, T. and Frandsen, S. and Quirion, P.-O. and Borucki, W. J. and Koch, D. and Jenkins, J. M.},
  month = apr,
  year = {2010},
  pages = {L164},
  file = {/home/oliver/.zotero/zotero/jo6li438.default/zotero/storage/VJEV73N8/Christensen-Dalsgaard et al. - 2010 - Asteroseismic Investigation of Known Planet Hosts .pdf;/home/oliver/.zotero/zotero/jo6li438.default/zotero/storage/JIVFZPWI/ui.adsabs.harvard.edu.html}
}

@article{art:huber+2013,
  title = {Stellar {{Spin}}-{{Orbit Misalignment}} in a {{Multiplanet System}}},
  volume = {342},
  doi = {10.1126/science.1242066},
  number = {6156},
  journal = {Science},
  author = {Huber, Daniel and Carter, Joshua A. and Barbieri, Mauro and Miglio, Andrea and Deck, Katherine M. and Fabrycky, Daniel C. and Montet, Benjamin T. and Buchhave, Lars A. and Chaplin, William J. and Hekker, Saskia and Montalb\'an, Josefina and {Sanchis-Ojeda}, Roberto and Basu, Sarbani and Bedding, Timothy R. and Campante, Tiago L. and {Christensen-Dalsgaard}, J\o{}rgen and Elsworth, Yvonne P. and Stello, Dennis and Arentoft, Torben and Ford, Eric B. and Gilliland, Ronald L. and Handberg, Rasmus and Howard, Andrew W. and Isaacson, Howard and Johnson, John Asher and Karoff, Christoffer and Kawaler, Steven D. and Kjeldsen, Hans and Latham, David W. and Lund, Mikkel N. and Lundkvist, Mia and Marcy, Geoffrey W. and Metcalfe, Travis S. and Silva Aguirre, Victor and Winn, Joshua N.},
  month = oct,
  year = {2013},
  pages = {331},
  file = {/home/oliver/.zotero/zotero/jo6li438.default/zotero/storage/WBG2NQ4Y/ui.adsabs.harvard.edu.html}
}

@article{art:silvaaguirre+2015,
  title = {Ages and Fundamental Properties of {{Kepler}} Exoplanet Host Stars from Asteroseismology},
  volume = {452},
  doi = {10.1093/mnras/stv1388},
  number = {2},
  journal = {Mon. Not. R. Astron. Soc.},
  author = {Silva Aguirre, V. and Davies, G. R. and Basu, S. and {Christensen-Dalsgaard}, J. and Creevey, O. and Metcalfe, T. S. and Bedding, T. R. and Casagrande, L. and Handberg, R. and Lund, M. N. and Nissen, P. E. and Chaplin, W. J. and Huber, D. and Serenelli, A. M. and Stello, D. and Van Eylen, V. and Campante, T. L. and Elsworth, Y. and Gilliland, R. L. and Hekker, S. and Karoff, C. and Kawaler, S. D. and Kjeldsen, H. and Lundkvist, M. S.},
  month = sep,
  year = {2015},
  pages = {2127},
  file = {/home/oliver/.zotero/zotero/jo6li438.default/zotero/storage/HF8XUJXU/Silva Aguirre et al. - 2015 - Ages and fundamental properties of Kepler exoplane.pdf;/home/oliver/.zotero/zotero/jo6li438.default/zotero/storage/5N3G8DE7/ui.adsabs.harvard.edu.html}
}

@article{art:brewer+2015,
  title = {Accurate {{Gravities}} of {{F}}, {{G}}, and {{K}} Stars from {{High Resolution Spectra Without External Constraints}}},
  volume = {805},
  doi = {10.1088/0004-637X/805/2/126},
  number = {2},
  journal = {Astrophys. J.},
  author = {Brewer, John M. and Fischer, Debra A. and Basu, Sarbani and Valenti, Jeff A. and Piskunov, Nikolai},
  month = jun,
  year = {2015},
  pages = {126},
  file = {/home/oliver/.zotero/zotero/jo6li438.default/zotero/storage/TX5RFNIE/Brewer et al. - 2015 - Accurate Gravities of F, G, and K stars from High .pdf;/home/oliver/.zotero/zotero/jo6li438.default/zotero/storage/47LT5KN2/ui.adsabs.harvard.edu.html}
}

@article{art:wang+2016,
  title = {Calibration of {{LAMOST Stellar Surface Gravities}} Using the {{Kepler Asteroseismic Data}}},
  volume = {152},
  doi = {10.3847/0004-6256/152/1/6},
  number = {1},
  journal = {Astron. J.},
  author = {Wang, Liang and Wang, Wei and Wu, Yue and Zhao, Gang and Li, Yinbi and Luo, Ali and Liu, Chao and Zhang, Yong and Hou, Yonghui and Wang, Yuefei and Cao, Zihuang},
  month = jul,
  year = {2016},
  pages = {6},
  file = {/home/oliver/.zotero/zotero/jo6li438.default/zotero/storage/XWEBR34Y/Wang et al. - 2016 - Calibration of LAMOST Stellar Surface Gravities us.pdf;/home/oliver/.zotero/zotero/jo6li438.default/zotero/storage/HQ6TS295/ui.adsabs.harvard.edu.html}
}

@article{art:miglio+2009,
  title = {Probing Populations of Red Giants in the Galactic Disk with {{CoRoT}}},
  volume = {503},
  doi = {10.1051/0004-6361/200912822},
  language = {en},
  number = {3},
  journal = {Astron. Astrophys.},
  author = {Miglio, A. and Montalb\'an, J. and Baudin, F. and Eggenberger, P. and Noels, A. and Hekker, S. and De Ridder, J. and Weiss, W. and Baglin, A.},
  month = sep,
  year = {2009},
  pages = {L21},
  file = {/home/oliver/.zotero/zotero/jo6li438.default/zotero/storage/HZ2SFIHQ/Miglio et al. - 2009 - Probing populations of red giants in the galactic .pdf;/home/oliver/.zotero/zotero/jo6li438.default/zotero/storage/NRSRB99L/ui.adsabs.harvard.edu.html}
}

@article{art:mathur+2016,
  title = {Probing the {{Deep End}} of the {{Milky Way}} with {{Kepler}}: {{Asteroseismic Analysis}} of 854 {{Faint Red Giants Misclassified}} as {{Cool Dwarfs}}},
  volume = {827},
  shorttitle = {Probing the {{Deep End}} of the {{Milky Way}} with {{Kepler}}},
  doi = {10.3847/0004-637X/827/1/50},
  number = {1},
  journal = {Astrophys. J.},
  author = {Mathur, S. and Garc\'ia, R. A. and Huber, D. and Regulo, C. and Stello, D. and Beck, P. G. and Houmani, K. and Salabert, D.},
  month = aug,
  year = {2016},
  pages = {50},
  file = {/home/oliver/.zotero/zotero/jo6li438.default/zotero/storage/UMH2V9UP/Mathur et al. - 2016 - Probing the Deep End of the Milky Way with Kepler.pdf;/home/oliver/.zotero/zotero/jo6li438.default/zotero/storage/PZVUE355/ui.adsabs.harvard.edu.html}
}

@article{art:anders+2017,
  title = {Galactic Archaeology with Asteroseismology and Spectroscopy: {{Red}} Giants Observed by {{CoRoT}} and {{APOGEE}}},
  volume = {597},
  shorttitle = {Galactic Archaeology with Asteroseismology and Spectroscopy},
  doi = {10.1051/0004-6361/201527204},
  journal = {Astron. Astrophys.},
  author = {Anders, F. and Chiappini, C. and Rodrigues, T. S. and Miglio, A. and Montalb\'an, J. and Mosser, B. and Girardi, L. and Valentini, M. and Noels, A. and Morel, T. and Johnson, J. A. and Schultheis, M. and Baudin, F. and {de Assis Peralta}, R. and Hekker, S. and Theme\ss{}l, N. and Kallinger, T. and Garc\'ia, R. A. and Mathur, S. and Baglin, A. and Santiago, B. X. and Martig, M. and Minchev, I. and Steinmetz, M. and Costa, Da and N, L. and Maia, M. a. G. and Allende Prieto, C. and Cunha, K. and Beers, T. C. and Epstein, C. and P\'erez, Garc\'ia and E, A. and {Garc\'ia-Hern\'andez}, D. A. and Harding, P. and Holtzman, J. and Majewski, S. R. and M\'esz\'aros, Sz and Nidever, D. and Pan, K. and Pinsonneault, M. and Schiavon, R. P. and Schneider, D. P. and Shetrone, M. D. and Stassun, K. and Zamora, O. and Zasowski, G.},
  month = jan,
  year = {2017},
  pages = {A30},
  file = {/home/oliver/.zotero/zotero/jo6li438.default/zotero/storage/4SN5LM92/Anders et al. - 2017 - Galactic archaeology with asteroseismology and spe.pdf;/home/oliver/.zotero/zotero/jo6li438.default/zotero/storage/RPMPJN53/ui.adsabs.harvard.edu.html}
}

@article{art:chaplin+miglio2013,
  title = {Asteroseismology of {{Solar}}-{{Type}} and {{Red}}-{{Giant Stars}}},
  volume = {51},
  doi = {10.1146/annurev-astro-082812-140938},
  number = {1},
  journal = {Annu. Rev. Astron. Astrophys.},
  author = {Chaplin, William J. and Miglio, Andrea},
  month = aug,
  year = {2013},
  pages = {353},
  file = {/home/oliver/.zotero/zotero/jo6li438.default/zotero/storage/Z9PWTIMB/Chaplin and Miglio - 2013 - Asteroseismology of Solar-Type and Red-Giant Stars.pdf;/home/oliver/.zotero/zotero/jo6li438.default/zotero/storage/LP732UQS/ui.adsabs.harvard.edu.html}
}

@article{art:khan+2018,
  title = {The {{Red}}-Giant {{Branch Bump Revisited}}: {{Constraints}} on {{Envelope Overshooting}} in a {{Wide Range}} of {{Masses}} and {{Metallicities}}},
  volume = {859},
  shorttitle = {The {{Red}}-Giant {{Branch Bump Revisited}}},
  doi = {10.3847/1538-4357/aabf90},
  number = {2},
  journal = {Astrophys. J.},
  author = {Khan, Saniya and Hall, Oliver J. and Miglio, Andrea and Davies, Guy R. and Mosser, Beno\^it and Girardi, L\'eo and Montalb\'an, Josefina},
  month = jun,
  year = {2018},
  pages = {156},
  file = {/home/oliver/.zotero/zotero/jo6li438.default/zotero/storage/2IFF344W/Khan et al. - 2018 - The Red-giant Branch Bump Revisited Constraints o.pdf;/home/oliver/.zotero/zotero/jo6li438.default/zotero/storage/R46QYPKA/ui.adsabs.harvard.edu.html}
}

@article{art:huber+2012,
  title = {Validation of the Exoplanet {{Kepler}}-21b Using {{PAVO}}/{{CHARA}} Long-Baseline Interferometry},
  volume = {423},
  doi = {10.1111/j.1745-3933.2012.01242.x},
  number = {1},
  journal = {Mon. Not. R. Astron. Soc.},
  author = {Huber, Daniel and Ireland, Michael J. and Bedding, Timothy R. and Howell, Steve B. and Maestro, Vicente and M\'erand, Antoine and Tuthill, Peter G. and White, Timothy R. and Farrington, Christopher D. and Goldfinger, P. J. and McAlister, Harold A. and Schaefer, Gail H. and Sturmann, Judit and Sturmann, Laszlo and Brummelaar, Ten and A, Theo and Turner, Nils H.},
  month = jun,
  year = {2012},
  pages = {L16},
  file = {/home/oliver/.zotero/zotero/jo6li438.default/zotero/storage/I9KLLB52/Huber et al. - 2012 - Validation of the exoplanet Kepler-21b using PAVO.pdf;/home/oliver/.zotero/zotero/jo6li438.default/zotero/storage/WP3Z3K7U/ui.adsabs.harvard.edu.html}
}

@article{art:white+2013,
  title = {Interferometric Radii of Bright {{Kepler}} Stars with the {{CHARA Array}}: \texttheta{} {{Cygni}} and 16 {{Cygni A}} and {{B}}},
  volume = {433},
  shorttitle = {Interferometric Radii of Bright {{Kepler}} Stars with the {{CHARA Array}}},
  doi = {10.1093/mnras/stt802},
  number = {2},
  journal = {Mon. Not. R. Astron. Soc.},
  author = {White, T. R. and Huber, D. and Maestro, V. and Bedding, T. R. and Ireland, M. J. and Baron, F. and Boyajian, T. S. and Che, X. and Monnier, J. D. and Pope, B. J. S. and Roettenbacher, R. M. and Stello, D. and Tuthill, P. G. and Farrington, C. D. and Goldfinger, P. J. and McAlister, H. A. and Schaefer, G. H. and Sturmann, J. and Sturmann, L. and Brummelaar, Ten and A, T. and Turner, N. H.},
  month = aug,
  year = {2013},
  pages = {1262},
  file = {/home/oliver/.zotero/zotero/jo6li438.default/zotero/storage/HV9WQ5GF/White et al. - 2013 - Interferometric radii of bright Kepler stars with .pdf;/home/oliver/.zotero/zotero/jo6li438.default/zotero/storage/CGKI79SN/ui.adsabs.harvard.edu.html}
}

@article{art:frandsen+2013,
  title = {{{KIC}} 8410637: A 408-Day Period Eclipsing Binary Containing a Pulsating Giant Star},
  volume = {556},
  shorttitle = {{{KIC}} 8410637},
  doi = {10.1051/0004-6361/201321817},
  language = {en},
  journal = {Astron. Astrophys.},
  author = {Frandsen, S. and Lehmann, H. and Hekker, S. and Southworth, J. and Debosscher, J. and Beck, P. and Hartmann, M. and Pigulski, A. and Kopacki, G. and Ko\l{}aczkowski, Z. and Stȩ\'slicki, M. and Thygesen, A. O. and Brogaard, K. and Elsworth, Y.},
  month = aug,
  year = {2013},
  pages = {A138},
  file = {/home/oliver/.zotero/zotero/jo6li438.default/zotero/storage/88YLUTFN/Frandsen et al. - 2013 - KIC 8410637 a 408-day period eclipsing binary con.pdf;/home/oliver/.zotero/zotero/jo6li438.default/zotero/storage/UK8AA8MP/ui.adsabs.harvard.edu.html}
}

@article{art:huber2015,
  title = {Asteroseismology of {{Eclipsing Binary Stars}}},
  volume = {408},
  doi = {10.1007/978-3-319-09198-3_7},
  journal = {Giants Eclipse Zeta Aurigae Stars Bin. Syst.},
  author = {Huber, Daniel},
  year = {2015},
  pages = {169},
  file = {/home/oliver/.zotero/zotero/jo6li438.default/zotero/storage/GJCHF4ZJ/ui.adsabs.harvard.edu.html}
}

@article{art:gaulme+2016,
  title = {Testing the {{Asteroseismic Scaling Relations}} for {{Red Giants}} with {{Eclipsing Binaries Observed}} by {{Kepler}}},
  volume = {832},
  doi = {10.3847/0004-637X/832/2/121},
  number = {2},
  journal = {Astrophys. J.},
  author = {Gaulme, P. and McKeever, J. and Jackiewicz, J. and Rawls, M. L. and Corsaro, E. and Mosser, B. and Southworth, J. and Mahadevan, S. and Bender, C. and Deshpande, R.},
  month = dec,
  year = {2016},
  pages = {121},
  file = {/home/oliver/.zotero/zotero/jo6li438.default/zotero/storage/8RQUMSCQ/Gaulme et al. - 2016 - Testing the Asteroseismic Scaling Relations for Re.pdf;/home/oliver/.zotero/zotero/jo6li438.default/zotero/storage/QQFLKSQI/ui.adsabs.harvard.edu.html}
}

@article{art:miglio+2016,
  title = {Detection of Solar-like Oscillations in Relics of the {{Milky Way}}: Asteroseismology of {{K}} Giants in {{M4}} Using Data from the {{NASA K2}} Mission},
  volume = {461},
  shorttitle = {Detection of Solar-like Oscillations in Relics of the {{Milky Way}}},
  doi = {10.1093/mnras/stw1555},
  number = {1},
  journal = {Mon. Not. R. Astron. Soc.},
  author = {Miglio, A. and Chaplin, W. J. and Brogaard, K. and Lund, M. N. and Mosser, B. and Davies, G. R. and Handberg, R. and Milone, A. P. and Marino, A. F. and Bossini, D. and Elsworth, Y. P. and Grundahl, F. and Arentoft, T. and Bedin, L. R. and Campante, T. L. and {Jessen-Hansen}, J. and Jones, C. D. and Kuszlewicz, J. S. and Malavolta, L. and Nascimbeni, V. and Sandquist, E. L.},
  month = sep,
  year = {2016},
  pages = {760},
  file = {/home/oliver/.zotero/zotero/jo6li438.default/zotero/storage/LITNVE3G/Miglio et al. - 2016 - Detection of solar-like oscillations in relics of .pdf;/home/oliver/.zotero/zotero/jo6li438.default/zotero/storage/PMDN23WQ/ui.adsabs.harvard.edu.html}
}

@article{art:stello+2016,
  title = {The {{K2 M67 Study}}: {{Revisiting Old Friends}} with {{K2 Reveals Oscillating Red Giants}} in the {{Open Cluster M67}}},
  volume = {832},
  shorttitle = {The {{K2 M67 Study}}},
  doi = {10.3847/0004-637X/832/2/133},
  number = {2},
  journal = {Astrophys. J.},
  author = {Stello, Dennis and Vanderburg, Andrew and Casagrande, Luca and Gilliland, Ron and Silva Aguirre, Victor and Sandquist, Eric and Leiner, Emily and Mathieu, Robert and Soderblom, David R.},
  month = dec,
  year = {2016},
  pages = {133},
  file = {/home/oliver/.zotero/zotero/jo6li438.default/zotero/storage/62ABTP65/Stello et al. - 2016 - The K2 M67 Study Revisiting Old Friends with K2 R.pdf;/home/oliver/.zotero/zotero/jo6li438.default/zotero/storage/G3RAJ3GB/ui.adsabs.harvard.edu.html}
}

@article{art:kjeldsen+bedding1995,
  title = {Amplitudes of Stellar Oscillations: The Implications for Asteroseismology.},
  volume = {293},
  shorttitle = {Amplitudes of Stellar Oscillations},
  journal = {Astron. Astrophys.},
  author = {Kjeldsen, H. and Bedding, T. R.},
  month = jan,
  year = {1995},
  pages = {87},
  file = {/home/oliver/.zotero/zotero/jo6li438.default/zotero/storage/6YQNN5HE/Kjeldsen and Bedding - 1995 - Amplitudes of stellar oscillations the implicatio.pdf;/home/oliver/.zotero/zotero/jo6li438.default/zotero/storage/ISZN3ZS9/ui.adsabs.harvard.edu.html}
}

@article{art:cannon1970,
  title = {Red Giants in Old Open Clusters.},
  volume = {150},
  doi = {10.1093/mnras/150.1.111},
  journal = {Mon. Not. R. Astron. Soc.},
  author = {Cannon, R. D.},
  month = jan,
  year = {1970},
  pages = {111},
  file = {/home/oliver/.zotero/zotero/jo6li438.default/zotero/storage/DUEAA7JA/Cannon - 1970 - Red giants in old open clusters..pdf;/home/oliver/.zotero/zotero/jo6li438.default/zotero/storage/R33VMZF5/ui.adsabs.harvard.edu.html}
}

@article{art:paczynski+stanek1998,
  title = {Galactocentric {{Distance}} with the {{Optical Gravitational Lensing Experiment}} and {{HIPPARCOS Red Clump Stars}}},
  volume = {494},
  doi = {10.1086/311181},
  number = {2},
  journal = {Astrophys. J.},
  author = {Paczy\'nski, Bohdan and Stanek, Krzysztof Z.},
  month = feb,
  year = {1998},
  pages = {L219},
  file = {/home/oliver/.zotero/zotero/jo6li438.default/zotero/storage/TQ4CEHEP/Paczyński and Stanek - 1998 - Galactocentric Distance with the Optical Gravitati.pdf;/home/oliver/.zotero/zotero/jo6li438.default/zotero/storage/RXLIDSNM/ui.adsabs.harvard.edu.html}
}

@article{art:salaris+girardi2002,
  title = {Population Effects on the Red Giant Clump Absolute Magnitude: The {{K}} Band},
  volume = {337},
  shorttitle = {Population Effects on the Red Giant Clump Absolute Magnitude},
  doi = {10.1046/j.1365-8711.2002.05917.x},
  number = {1},
  journal = {Mon. Not. R. Astron. Soc.},
  author = {Salaris, Maurizio and Girardi, L\'eo},
  month = nov,
  year = {2002},
  pages = {332},
  file = {/home/oliver/.zotero/zotero/jo6li438.default/zotero/storage/WHWJVCYN/Salaris and Girardi - 2002 - Population effects on the red giant clump absolute.pdf;/home/oliver/.zotero/zotero/jo6li438.default/zotero/storage/KY84CLWN/ui.adsabs.harvard.edu.html}
}

@article{art:girardi2016,
  title = {Red {{Clump Stars}}},
  volume = {54},
  doi = {10.1146/annurev-astro-081915-023354},
  journal = {Annu. Rev. Astron. Astrophys.},
  author = {Girardi, L\'eo},
  month = sep,
  year = {2016},
  pages = {95},
  file = {/home/oliver/.zotero/zotero/jo6li438.default/zotero/storage/AGH9ZBDK/ui.adsabs.harvard.edu.html}
}

@article{art:girardi1999,
  title = {A Secondary Clump of Red Giant Stars: Why and Where},
  volume = {308},
  shorttitle = {A Secondary Clump of Red Giant Stars},
  doi = {10.1046/j.1365-8711.1999.02746.x},
  number = {3},
  journal = {Mon. Not. R. Astron. Soc.},
  author = {Girardi, L\'eo},
  month = sep,
  year = {1999},
  pages = {818},
  file = {/home/oliver/.zotero/zotero/jo6li438.default/zotero/storage/GQMTSMRG/Girardi - 1999 - A secondary clump of red giant stars why and wher.pdf;/home/oliver/.zotero/zotero/jo6li438.default/zotero/storage/NK6KL5UV/ui.adsabs.harvard.edu.html}
}

@article{art:borucki+2010,
  title = {Kepler {{Planet Detection Mission}}: {{Highlights}} of the {{First Results}}},
  volume = {42},
  shorttitle = {Kepler {{Planet Detection Mission}}},
  journal = {AASDivision Planet. Sci. Meet. Abstr. 42},
  author = {Borucki, William J. and Koch, D. and Team, Kepler Science},
  month = oct,
  year = {2010},
  pages = {47.03},
  file = {/home/oliver/.zotero/zotero/jo6li438.default/zotero/storage/I3HFWADJ/ui.adsabs.harvard.edu.html}
}

@article{art:koch+2010,
  title = {Kepler {{Mission Design}}, {{Realized Photometric Performance}}, and {{Early Science}}},
  volume = {713},
  doi = {10.1088/2041-8205/713/2/L79},
  number = {2},
  journal = {Astrophys. J.},
  author = {Koch, David G. and Borucki, William J. and Basri, Gibor and Batalha, Natalie M. and Brown, Timothy M. and Caldwell, Douglas and {Christensen-Dalsgaard}, J\o{}rgen and Cochran, William D. and DeVore, Edna and Dunham, Edward W. and Gautier, Thomas N. and Geary, John C. and Gilliland, Ronald L. and Gould, Alan and Jenkins, Jon and Kondo, Yoji and Latham, David W. and Lissauer, Jack J. and Marcy, Geoffrey and Monet, David and Sasselov, Dimitar and Boss, Alan and Brownlee, Donald and Caldwell, John and Dupree, Andrea K. and Howell, Steve B. and Kjeldsen, Hans and Meibom, S\o{}ren and Morrison, David and Owen, Tobias and Reitsema, Harold and Tarter, Jill and Bryson, Stephen T. and Dotson, Jessie L. and Gazis, Paul and Haas, Michael R. and Kolodziejczak, Jeffrey and Rowe, Jason F. and Cleve, Van and E, Jeffrey and Allen, Christopher and Chandrasekaran, Hema and Clarke, Bruce D. and Li, Jie and Quintana, Elisa V. and Tenenbaum, Peter and Twicken, Joseph D. and Wu, Hayley},
  month = apr,
  year = {2010},
  pages = {L79},
  file = {/home/oliver/.zotero/zotero/jo6li438.default/zotero/storage/VAEBXR3R/Koch et al. - 2010 - Kepler Mission Design, Realized Photometric Perfor.pdf;/home/oliver/.zotero/zotero/jo6li438.default/zotero/storage/KPKPCF2D/ui.adsabs.harvard.edu.html}
}

@article{art:yu+2018,
  title = {Asteroseismology of 16,000 {{Kepler Red Giants}}: {{Global Oscillation Parameters}}, {{Masses}}, and {{Radii}}},
  volume = {236},
  shorttitle = {Asteroseismology of 16,000 {{Kepler Red Giants}}},
  doi = {10.3847/1538-4365/aaaf74},
  number = {2},
  journal = {Astrophys. J. Suppl. Ser.},
  author = {Yu, Jie and Huber, Daniel and Bedding, Timothy R. and Stello, Dennis and Hon, Marc and Murphy, Simon J. and Khanna, Shourya},
  month = jun,
  year = {2018},
  pages = {42},
  file = {/home/oliver/.zotero/zotero/jo6li438.default/zotero/storage/R27ESZ7J/Yu et al. - 2018 - Asteroseismology of 16,000 Kepler Red Giants Glob.pdf;/home/oliver/.zotero/zotero/jo6li438.default/zotero/storage/QXQUW7PS/ui.adsabs.harvard.edu.html}
}

@article{art:miglio+2012,
  title = {Asteroseismology of Old Open Clusters with {{Kepler}}: Direct Estimate of the Integrated Red Giant Branch Mass-Loss in {{NGC}} 6791 and 6819},
  volume = {419},
  shorttitle = {Asteroseismology of Old Open Clusters with {{Kepler}}},
  doi = {10.1111/j.1365-2966.2011.19859.x},
  number = {3},
  journal = {Mon. Not. R. Astron. Soc.},
  author = {Miglio, A. and Brogaard, K. and Stello, D. and Chaplin, W. J. and D'Antona, F. and Montalb\'an, J. and Basu, S. and Bressan, A. and Grundahl, F. and Pinsonneault, M. and Serenelli, A. M. and Elsworth, Y. and Hekker, S. and Kallinger, T. and Mosser, B. and Ventura, P. and Bonanno, A. and Noels, A. and Silva Aguirre, V. and Szabo, R. and Li, J. and McCauliff, S. and Middour, C. K. and Kjeldsen, H.},
  month = jan,
  year = {2012},
  pages = {2077},
  file = {/home/oliver/.zotero/zotero/jo6li438.default/zotero/storage/YS6FPBW7/Miglio et al. - 2012 - Asteroseismology of old open clusters with Kepler.pdf;/home/oliver/.zotero/zotero/jo6li438.default/zotero/storage/WIIUVMZN/ui.adsabs.harvard.edu.html}
}

@article{art:huber+2017,
  title = {Asteroseismology and {{Gaia}}: {{Testing Scaling Relations Using}} 2200 {{Kepler Stars}} with {{TGAS Parallaxes}}},
  volume = {844},
  shorttitle = {Asteroseismology and {{Gaia}}},
  doi = {10.3847/1538-4357/aa75ca},
  number = {2},
  journal = {Astrophys. J.},
  author = {Huber, Daniel and Zinn, Joel and {Bojsen-Hansen}, Mathias and Pinsonneault, Marc and Sahlholdt, Christian and Serenelli, Aldo and Silva Aguirre, Victor and Stassun, Keivan and Stello, Dennis and Tayar, Jamie and Bastien, Fabienne and Bedding, Timothy R. and Buchhave, Lars A. and Chaplin, William J. and Davies, Guy R. and Garc\'ia, Rafael A. and Latham, David W. and Mathur, Savita and Mosser, Benoit and Sharma, Sanjib},
  month = aug,
  year = {2017},
  pages = {102},
  file = {/home/oliver/.zotero/zotero/jo6li438.default/zotero/storage/HASXSDI7/Huber et al. - 2017 - Asteroseismology and Gaia Testing Scaling Relatio.pdf;/home/oliver/.zotero/zotero/jo6li438.default/zotero/storage/Q2HYJDTG/ui.adsabs.harvard.edu.html}
}

@article{art:brown+1991,
  title = {Detection of {{Possible}} P-{{Mode Oscillations}} on {{Procyon}}},
  volume = {368},
  issn = {0004-637X},
  doi = {10.1086/169725},
  journal = {Astrophys. J.},
  author = {Brown, Timothy M. and Gilliland, Ronald L. and Noyes, Robert W. and Ramsey, Lawrence W.},
  month = feb,
  year = {1991},
  pages = {599},
  file = {/home/oliver/.zotero/zotero/jo6li438.default/zotero/storage/JIWBGVTS/Brown et al. - 1991 - Detection of Possible p-Mode Oscillations on Procy.pdf;/home/oliver/.zotero/zotero/jo6li438.default/zotero/storage/Y8RHNLLH/ui.adsabs.harvard.edu.html}
}

@article{art:ulrich1986,
  title = {Determination of {{Stellar Ages}} from {{Asteroseismology}}},
  volume = {306},
  issn = {0004-637X},
  doi = {10.1086/184700},
  journal = {Astrophys. J.},
  author = {Ulrich, Roger K.},
  month = jul,
  year = {1986},
  pages = {L37},
  file = {/home/oliver/.zotero/zotero/jo6li438.default/zotero/storage/TTBMER59/Ulrich - 1986 - Determination of Stellar Ages from Asteroseismolog.pdf;/home/oliver/.zotero/zotero/jo6li438.default/zotero/storage/RPAQWAKM/ui.adsabs.harvard.edu.html}
}

@article{art:huber+2011,
  title = {Solar-like {{Oscillations}} and {{Activity}} in {{Procyon}}: {{A Comparison}} of the 2007 {{MOST}} and {{Ground}}-Based {{Radial Velocity Campaigns}}},
  volume = {731},
  shorttitle = {Solar-like {{Oscillations}} and {{Activity}} in {{Procyon}}},
  doi = {10.1088/0004-637X/731/2/94},
  number = {2},
  journal = {Astrophys. J.},
  author = {Huber, Daniel and Bedding, Timothy R. and Arentoft, Torben and Gruberbauer, Michael and Guenther, David B. and Houdek, G\"unter and Kallinger, Thomas and Kjeldsen, Hans and Matthews, Jaymie M. and Stello, Dennis and Weiss, Werner W.},
  month = apr,
  year = {2011},
  pages = {94},
  file = {/home/oliver/.zotero/zotero/jo6li438.default/zotero/storage/C9M2BMHZ/Huber et al. - 2011 - Solar-like Oscillations and Activity in Procyon A.pdf;/home/oliver/.zotero/zotero/jo6li438.default/zotero/storage/QCIJDJZI/ui.adsabs.harvard.edu.html}
}

@article{art:sharma+2016,
  title = {Stellar {{Population Synthesis Based Modeling}} of the {{Milky Way Using Asteroseismology}} of 13,000 {{Kepler Red Giants}}},
  volume = {822},
  doi = {10.3847/0004-637X/822/1/15},
  number = {1},
  journal = {Astrophys. J.},
  author = {Sharma, Sanjib and Stello, Dennis and {Bland-Hawthorn}, Joss and Huber, Daniel and Bedding, Timothy R.},
  month = may,
  year = {2016},
  pages = {15},
  file = {/home/oliver/.zotero/zotero/jo6li438.default/zotero/storage/JSPFKLSQ/Sharma et al. - 2016 - Stellar Population Synthesis Based Modeling of the.pdf;/home/oliver/.zotero/zotero/jo6li438.default/zotero/storage/KFVPZ5JS/ui.adsabs.harvard.edu.html}
}

@article{art:gaiacollaboration+2018,
       author = {{Gaia Collaboration} and {Brown}, A.~G.~A. and {Vallenari}, A. and
         {Prusti}, T. and {de Bruijne}, J.~H.~J. and {Babusiaux}, C. and
         {Bailer-Jones}, C.~A.~L. and {Biermann}, M. and {Evans}, D.~W. and
         {Eyer}, L. and {Jansen}, F. and {Jordi}, C. and {Klioner}, S.~A. and
         {Lammers}, U. and {Lindegren}, L. and {Luri}, X. and {Mignard}, F. and
         {Panem}, C. and {Pourbaix}, D. and {Randich}, S. and {Sartoretti}, P. and
         {Siddiqui}, H.~I. and {Soubiran}, C. and {van Leeuwen}, F. and
         {Walton}, N.~A. and {Arenou}, F. and {Bastian}, U. and {Cropper}, M. and
         {Drimmel}, R. and {Katz}, D. and {Lattanzi}, M.~G. and {Bakker}, J. and
         {Cacciari}, C. and {Casta{\~n}eda}, J. and {Chaoul}, L. and
         {Cheek}, N. and {De Angeli}, F. and {Fabricius}, C. and {Guerra}, R. and
         {Holl}, B. and {Masana}, E. and {Messineo}, R. and {Mowlavi}, N. and
         {Nienartowicz}, K. and {Panuzzo}, P. and {Portell}, J. and
         {Riello}, M. and {Seabroke}, G.~M. and {Tanga}, P. and
         {Th{\'e}venin}, F. and {Gracia-Abril}, G. and {Comoretto}, G. and
         {Garcia-Reinaldos}, M. and {Teyssier}, D. and {Altmann}, M. and
         {Andrae}, R. and {Audard}, M. and {Bellas-Velidis}, I. and
         {Benson}, K. and {Berthier}, J. and {Blomme}, R. and {Burgess}, P. and
         {Busso}, G. and {Carry}, B. and {Cellino}, A. and {Clementini}, G. and
         {Clotet}, M. and {Creevey}, O. and {Davidson}, M. and {De Ridder}, J. and
         {Delchambre}, L. and {Dell'Oro}, A. and {Ducourant}, C. and
         {Fern{\'a}ndez-Hern{\'a}ndez}, J. and {Fouesneau}, M. and
         {Fr{\'e}mat}, Y. and {Galluccio}, L. and {Garc{\'\i}a-Torres}, M. and
         {Gonz{\'a}lez-N{\'u}{\~n}ez}, J. and {Gonz{\'a}lez-Vidal}, J.~J. and
         {Gosset}, E. and {Guy}, L.~P. and {Halbwachs}, J. -L. and
         {Hambly}, N.~C. and {Harrison}, D.~L. and {Hern{\'a}ndez}, J. and
         {Hestroffer}, D. and {Hodgkin}, S.~T. and {Hutton}, A. and
         {Jasniewicz}, G. and {Jean-Antoine-Piccolo}, A. and {Jordan}, S. and
         {Korn}, A.~J. and {Krone-Martins}, A. and {Lanzafame}, A.~C. and
         {Lebzelter}, T. and {L{\"o}ffler}, W. and {Manteiga}, M. and
         {Marrese}, P.~M. and {Mart{\'\i}n-Fleitas}, J.~M. and {Moitinho}, A. and
         {Mora}, A. and {Muinonen}, K. and {Osinde}, J. and {Pancino}, E. and
         {Pauwels}, T. and {Petit}, J. -M. and {Recio-Blanco}, A. and
         {Richards}, P.~J. and {Rimoldini}, L. and {Robin}, A.~C. and
         {Sarro}, L.~M. and {Siopis}, C. and {Smith}, M. and {Sozzetti}, A. and
         {S{\"u}veges}, M. and {Torra}, J. and {van Reeven}, W. and {Abbas}, U. and
         {Abreu Aramburu}, A. and {Accart}, S. and {Aerts}, C. and
         {Altavilla}, G. and {{\'A}lvarez}, M.~A. and {Alvarez}, R. and
         {Alves}, J. and {Anderson}, R.~I. and {Andrei}, A.~H. and
         {Anglada Varela}, E. and {Antiche}, E. and {Antoja}, T. and
         {Arcay}, B. and {Astraatmadja}, T.~L. and {Bach}, N. and
         {Baker}, S.~G. and {Balaguer-N{\'u}{\~n}ez}, L. and {Balm}, P. and
         {Barache}, C. and {Barata}, C. and {Barbato}, D. and {Barblan}, F. and
         {Barklem}, P.~S. and {Barrado}, D. and {Barros}, M. and
         {Barstow}, M.~A. and {Bartholom{\'e} Mu{\~n}oz}, S. and
         {Bassilana}, J. -L. and {Becciani}, U. and {Bellazzini}, M. and
         {Berihuete}, A. and {Bertone}, S. and {Bianchi}, L. and
         {Bienaym{\'e}}, O. and {Blanco-Cuaresma}, S. and {Boch}, T. and
         {Boeche}, C. and {Bombrun}, A. and {Borrachero}, R. and {Bossini}, D. and
         {Bouquillon}, S. and {Bourda}, G. and {Bragaglia}, A. and
         {Bramante}, L. and {Breddels}, M.~A. and {Bressan}, A. and
         {Brouillet}, N. and {Br{\"u}semeister}, T. and {Brugaletta}, E. and
         {Bucciarelli}, B. and {Burlacu}, A. and {Busonero}, D. and
         {Butkevich}, A.~G. and {Buzzi}, R. and {Caffau}, E. and
         {Cancelliere}, R. and {Cannizzaro}, G. and {Cantat-Gaudin}, T. and
         {Carballo}, R. and {Carlucci}, T. and {Carrasco}, J.~M. and
         {Casamiquela}, L. and {Castellani}, M. and {Castro-Ginard}, A. and
         {Charlot}, P. and {Chemin}, L. and {Chiavassa}, A. and {Cocozza}, G. and
         {Costigan}, G. and {Cowell}, S. and {Crifo}, F. and {Crosta}, M. and
         {Crowley}, C. and {Cuypers}, J. and {Dafonte}, C. and {Damerdji}, Y. and
         {Dapergolas}, A. and {David}, P. and {David}, M. and {de Laverny}, P. and
         {De Luise}, F. and {De March}, R. and {de Martino}, D. and
         {de Souza}, R. and {de Torres}, A. and {Debosscher}, J. and
         {del Pozo}, E. and {Delbo}, M. and {Delgado}, A. and {Delgado}, H.~E. and
         {Di Matteo}, P. and {Diakite}, S. and {Diener}, C. and {Distefano}, E. and
         {Dolding}, C. and {Drazinos}, P. and {Dur{\'a}n}, J. and
         {Edvardsson}, B. and {Enke}, H. and {Eriksson}, K. and {Esquej}, P. and
         {Eynard Bontemps}, G. and {Fabre}, C. and {Fabrizio}, M. and
         {Faigler}, S. and {Falc{\~a}o}, A.~J. and {Farr{\`a}s Casas}, M. and
         {Federici}, L. and {Fedorets}, G. and {Fernique}, P. and
         {Figueras}, F. and {Filippi}, F. and {Findeisen}, K. and {Fonti}, A. and
         {Fraile}, E. and {Fraser}, M. and {Fr{\'e}zouls}, B. and {Gai}, M. and
         {Galleti}, S. and {Garabato}, D. and {Garc{\'\i}a-Sedano}, F. and
         {Garofalo}, A. and {Garralda}, N. and {Gavel}, A. and {Gavras}, P. and
         {Gerssen}, J. and {Geyer}, R. and {Giacobbe}, P. and {Gilmore}, G. and
         {Girona}, S. and {Giuffrida}, G. and {Glass}, F. and {Gomes}, M. and
         {Granvik}, M. and {Gueguen}, A. and {Guerrier}, A. and {Guiraud}, J. and
         {Guti{\'e}rrez-S{\'a}nchez}, R. and {Haigron}, R. and
         {Hatzidimitriou}, D. and {Hauser}, M. and {Haywood}, M. and
         {Heiter}, U. and {Helmi}, A. and {Heu}, J. and {Hilger}, T. and
         {Hobbs}, D. and {Hofmann}, W. and {Holland}, G. and {Huckle}, H.~E. and
         {Hypki}, A. and {Icardi}, V. and {Jan{\ss}en}, K. and
         {Jevardat de Fombelle}, G. and {Jonker}, P.~G. and
         {Juh{\'a}sz}, {\'A}. L. and {Julbe}, F. and {Karampelas}, A. and
         {Kewley}, A. and {Klar}, J. and {Kochoska}, A. and {Kohley}, R. and
         {Kolenberg}, K. and {Kontizas}, M. and {Kontizas}, E. and
         {Koposov}, S.~E. and {Kordopatis}, G. and {Kostrzewa-Rutkowska}, Z. and
         {Koubsky}, P. and {Lambert}, S. and {Lanza}, A.~F. and {Lasne}, Y. and
         {Lavigne}, J. -B. and {Le Fustec}, Y. and {Le Poncin-Lafitte}, C. and
         {Lebreton}, Y. and {Leccia}, S. and {Leclerc}, N. and
         {Lecoeur-Taibi}, I. and {Lenhardt}, H. and {Leroux}, F. and {Liao}, S. and
         {Licata}, E. and {Lindstr{\o}m}, H.~E.~P. and {Lister}, T.~A. and
         {Livanou}, E. and {Lobel}, A. and {L{\'o}pez}, M. and {Managau}, S. and
         {Mann}, R.~G. and {Mantelet}, G. and {Marchal}, O. and
         {Marchant}, J.~M. and {Marconi}, M. and {Marinoni}, S. and
         {Marschalk{\'o}}, G. and {Marshall}, D.~J. and {Martino}, M. and
         {Marton}, G. and {Mary}, N. and {Massari}, D. and
         {Matijevi{\v{c}}}, G. and {Mazeh}, T. and {McMillan}, P.~J. and
         {Messina}, S. and {Michalik}, D. and {Millar}, N.~R. and {Molina}, D. and
         {Molinaro}, R. and {Moln{\'a}r}, L. and {Montegriffo}, P. and
         {Mor}, R. and {Morbidelli}, R. and {Morel}, T. and {Morris}, D. and
         {Mulone}, A.~F. and {Muraveva}, T. and {Musella}, I. and
         {Nelemans}, G. and {Nicastro}, L. and {Noval}, L. and {O'Mullane}, W. and
         {Ord{\'e}novic}, C. and {Ord{\'o}{\~n}ez-Blanco}, D. and {Osborne}, P. and
         {Pagani}, C. and {Pagano}, I. and {Pailler}, F. and {Palacin}, H. and
         {Palaversa}, L. and {Panahi}, A. and {Pawlak}, M. and
         {Piersimoni}, A.~M. and {Pineau}, F. -X. and {Plachy}, E. and
         {Plum}, G. and {Poggio}, E. and {Poujoulet}, E. and {Pr{\v{s}}a}, A. and
         {Pulone}, L. and {Racero}, E. and {Ragaini}, S. and {Rambaux}, N. and
         {Ramos-Lerate}, M. and {Regibo}, S. and {Reyl{\'e}}, C. and
         {Riclet}, F. and {Ripepi}, V. and {Riva}, A. and {Rivard}, A. and
         {Rixon}, G. and {Roegiers}, T. and {Roelens}, M. and
         {Romero-G{\'o}mez}, M. and {Rowell}, N. and {Royer}, F. and
         {Ruiz-Dern}, L. and {Sadowski}, G. and {Sagrist{\`a} Sell{\'e}s}, T. and
         {Sahlmann}, J. and {Salgado}, J. and {Salguero}, E. and {Sanna}, N. and
         {Santana-Ros}, T. and {Sarasso}, M. and {Savietto}, H. and
         {Schultheis}, M. and {Sciacca}, E. and {Segol}, M. and
         {Segovia}, J.~C. and {S{\'e}gransan}, D. and {Shih}, I. -C. and
         {Siltala}, L. and {Silva}, A.~F. and {Smart}, R.~L. and {Smith}, K.~W. and
         {Solano}, E. and {Solitro}, F. and {Sordo}, R. and {Soria Nieto}, S. and
         {Souchay}, J. and {Spagna}, A. and {Spoto}, F. and {Stampa}, U. and
         {Steele}, I.~A. and {Steidelm{\"u}ller}, H. and {Stephenson}, C.~A. and
         {Stoev}, H. and {Suess}, F.~F. and {Surdej}, J. and {Szabados}, L. and
         {Szegedi-Elek}, E. and {Tapiador}, D. and {Taris}, F. and {Tauran}, G. and
         {Taylor}, M.~B. and {Teixeira}, R. and {Terrett}, D. and {Teyssand
        ier}, P. and {Thuillot}, W. and {Titarenko}, A. and {Torra Clotet}, F. and
         {Turon}, C. and {Ulla}, A. and {Utrilla}, E. and {Uzzi}, S. and
         {Vaillant}, M. and {Valentini}, G. and {Valette}, V. and
         {van Elteren}, A. and {Van Hemelryck}, E. and {van Leeuwen}, M. and
         {Vaschetto}, M. and {Vecchiato}, A. and {Veljanoski}, J. and
         {Viala}, Y. and {Vicente}, D. and {Vogt}, S. and {von Essen}, C. and
         {Voss}, H. and {Votruba}, V. and {Voutsinas}, S. and {Walmsley}, G. and
         {Weiler}, M. and {Wertz}, O. and {Wevers}, T. and {Wyrzykowski}, {\L}. and
         {Yoldas}, A. and {{\v{Z}}erjal}, M. and {Ziaeepour}, H. and
         {Zorec}, J. and {Zschocke}, S. and {Zucker}, S. and {Zurbach}, C. and
         {Zwitter}, T.},
        title = "{Gaia Data Release 2. Summary of the contents and survey properties}",
      journal = {\aap},
     keywords = {catalogs, astrometry, techniques: radial velocities, stars: fundamental parameters, stars: variables: general, minor planets, asteroids: general, Astrophysics - Astrophysics of Galaxies, Astrophysics - Instrumentation and Methods for Astrophysics},
         year = "2018",
        month = "Aug",
       volume = {616},
          eid = {A1},
        pages = {A1},
          doi = {10.1051/0004-6361/201833051},
archivePrefix = {arXiv},
       eprint = {1804.09365},
 primaryClass = {astro-ph.GA},
       adsurl = {https://ui.adsabs.harvard.edu/\#abs/2018A&A...616A...1G},
      adsnote = {Provided by the SAO/NASA Astrophysics Data System}
}



@article{art:gaiacollaboration+2016,
  title = {The {{Gaia}} Mission},
  volume = {595},
  doi = {10.1051/0004-6361/201629272},
  journal = {Astron. Astrophys.},
  author = {{Gaia Collaboration} and Prusti, T. and Bruijne, De and J, J. H. and Brown, A. G. A. and Vallenari, A. and Babusiaux, C. and {Bailer-Jones}, C. a. L. and Bastian, U. and Biermann, M. and Evans, D. W. and Eyer, L. and Jansen, F. and Jordi, C. and Klioner, S. A. and Lammers, U. and Lindegren, L. and Luri, X. and Mignard, F. and Milligan, D. J. and Panem, C. and Poinsignon, V. and Pourbaix, D. and Randich, S. and Sarri, G. and Sartoretti, P. and Siddiqui, H. I. and Soubiran, C. and Valette, V. and {van Leeuwen}, F. and Walton, N. A. and Aerts, C. and Arenou, F. and Cropper, M. and Drimmel, R. and H\o{}g, E. and Katz, D. and Lattanzi, M. G. and O'Mullane, W. and Grebel, E. K. and Holland, A. D. and Huc, C. and Passot, X. and Bramante, L. and Cacciari, C. and Casta\~neda, J. and Chaoul, L. and Cheek, N. and De Angeli, F. and Fabricius, C. and Guerra, R. and Hern\'andez, J. and {Jean-Antoine-Piccolo}, A. and Masana, E. and Messineo, R. and Mowlavi, N. and Nienartowicz, K. and {Ord\'o\~nez-Blanco}, D. and Panuzzo, P. and Portell, J. and Richards, P. J. and Riello, M. and Seabroke, G. M. and Tanga, P. and Th\'evenin, F. and Torra, J. and Els, S. G. and {Gracia-Abril}, G. and Comoretto, G. and {Garcia-Reinaldos}, M. and Lock, T. and Mercier, E. and Altmann, M. and Andrae, R. and Astraatmadja, T. L. and {Bellas-Velidis}, I. and Benson, K. and Berthier, J. and Blomme, R. and Busso, G. and Carry, B. and Cellino, A. and Clementini, G. and Cowell, S. and Creevey, O. and Cuypers, J. and Davidson, M. and De Ridder, J. and {de Torres}, A. and Delchambre, L. and Dell'Oro, A. and Ducourant, C. and Fr\'emat, Y. and {Garc\'ia-Torres}, M. and Gosset, E. and Halbwachs, J.-L. and Hambly, N. C. and Harrison, D. L. and Hauser, M. and Hestroffer, D. and Hodgkin, S. T. and Huckle, H. E. and Hutton, A. and Jasniewicz, G. and Jordan, S. and Kontizas, M. and Korn, A. J. and Lanzafame, A. C. and Manteiga, M. and Moitinho, A. and Muinonen, K. and Osinde, J. and Pancino, E. and Pauwels, T. and Petit, J.-M. and {Recio-Blanco}, A. and Robin, A. C. and Sarro, L. M. and Siopis, C. and Smith, M. and Smith, K. W. and Sozzetti, A. and Thuillot, W. and {van Reeven}, W. and Viala, Y. and Abbas, U. and Abreu Aramburu, A. and Accart, S. and Aguado, J. J. and Allan, P. M. and Allasia, W. and Altavilla, G. and \'Alvarez, M. A. and Alves, J. and Anderson, R. I. and Andrei, A. H. and Anglada Varela, E. and Antiche, E. and Antoja, T. and Ant\'on, S. and Arcay, B. and Atzei, A. and Ayache, L. and Bach, N. and Baker, S. G. and {Balaguer-N\'u\~nez}, L. and Barache, C. and Barata, C. and Barbier, A. and Barblan, F. and Baroni, M. and {Barrado y Navascu\'es}, D. and Barros, M. and Barstow, M. A. and Becciani, U. and Bellazzini, M. and Bellei, G. and Bello Garc\'ia, A. and Belokurov, V. and Bendjoya, P. and Berihuete, A. and Bianchi, L. and Bienaym\'e, O. and Billebaud, F. and Blagorodnova, N. and {Blanco-Cuaresma}, S. and Boch, T. and Bombrun, A. and Borrachero, R. and Bouquillon, S. and Bourda, G. and Bouy, H. and Bragaglia, A. and Breddels, M. A. and Brouillet, N. and Br\"usemeister, T. and Bucciarelli, B. and Budnik, F. and Burgess, P. and Burgon, R. and Burlacu, A. and Busonero, D. and Buzzi, R. and Caffau, E. and Cambras, J. and Campbell, H. and Cancelliere, R. and {Cantat-Gaudin}, T. and Carlucci, T. and Carrasco, J. M. and Castellani, M. and Charlot, P. and Charnas, J. and Charvet, P. and Chassat, F. and Chiavassa, A. and Clotet, M. and Cocozza, G. and Collins, R. S. and Collins, P. and Costigan, G. and Crifo, F. and Cross, N. J. G. and Crosta, M. and Crowley, C. and Dafonte, C. and Damerdji, Y. and Dapergolas, A. and David, P. and David, M. and De Cat, P. and {de Felice}, F. and {de Laverny}, P. and De Luise, F. and De March, R. and {de Martino}, D. and {de Souza}, R. and Debosscher, J. and {del Pozo}, E. and Delbo, M. and Delgado, A. and Delgado, H. E. and {di Marco}, F. and Di Matteo, P. and Diakite, S. and Distefano, E. and Dolding, C. and Dos Anjos, S. and Drazinos, P. and Dur\'an, J. and Dzigan, Y. and Ecale, E. and Edvardsson, B. and Enke, H. and Erdmann, M. and Escolar, D. and Espina, M. and Evans, N. W. and Eynard Bontemps, G. and Fabre, C. and Fabrizio, M. and Faigler, S. and Falc\~ao, A. J. and Farr\`as Casas, M. and Faye, F. and Federici, L. and Fedorets, G. and {Fern\'andez-Hern\'andez}, J. and Fernique, P. and Fienga, A. and Figueras, F. and Filippi, F. and Findeisen, K. and Fonti, A. and Fouesneau, M. and Fraile, E. and Fraser, M. and Fuchs, J. and Furnell, R. and Gai, M. and Galleti, S. and Galluccio, L. and Garabato, D. and {Garc\'ia-Sedano}, F. and Gar\'e, P. and Garofalo, A. and Garralda, N. and Gavras, P. and Gerssen, J. and Geyer, R. and Gilmore, G. and Girona, S. and Giuffrida, G. and Gomes, M. and {Gonz\'alez-Marcos}, A. and {Gonz\'alez-N\'u\~nez}, J. and {Gonz\'alez-Vidal}, J. J. and Granvik, M. and Guerrier, A. and Guillout, P. and Guiraud, J. and G\'urpide, A. and {Guti\'errez-S\'anchez}, R. and Guy, L. P. and Haigron, R. and Hatzidimitriou, D. and Haywood, M. and Heiter, U. and Helmi, A. and Hobbs, D. and Hofmann, W. and Holl, B. and Holland, G. and Hunt, J. a. S. and Hypki, A. and Icardi, V. and Irwin, M. and {Jevardat de Fombelle}, G. and Jofr\'e, P. and Jonker, P. G. and Jorissen, A. and Julbe, F. and Karampelas, A. and Kochoska, A. and Kohley, R. and Kolenberg, K. and Kontizas, E. and Koposov, S. E. and Kordopatis, G. and Koubsky, P. and Kowalczyk, A. and {Krone-Martins}, A. and Kudryashova, M. and Kull, I. and Bachchan, R. K. and {Lacoste-Seris}, F. and Lanza, A. F. and Lavigne, J.-B. and {Le Poncin-Lafitte}, C. and Lebreton, Y. and Lebzelter, T. and Leccia, S. and Leclerc, N. and {Lecoeur-Taibi}, I. and Lemaitre, V. and Lenhardt, H. and Leroux, F. and Liao, S. and Licata, E. and Lindstr\o{}m, H. E. P. and Lister, T. A. and Livanou, E. and Lobel, A. and L\"offler, W. and L\'opez, M. and {Lopez-Lozano}, A. and Lorenz, D. and Loureiro, T. and MacDonald, I. and Magalh\~aes Fernandes, T. and Managau, S. and Mann, R. G. and Mantelet, G. and Marchal, O. and Marchant, J. M. and Marconi, M. and Marie, J. and Marinoni, S. and Marrese, P. M. and Marschalk\'o, G. and Marshall, D. J. and {Mart\'in-Fleitas}, J. M. and Martino, M. and Mary, N. and Matijevi{\v c}, G. and Mazeh, T. and McMillan, P. J. and Messina, S. and Mestre, A. and Michalik, D. and Millar, N. R. and Miranda, B. M. H. and Molina, D. and Molinaro, R. and Molinaro, M. and Moln\'ar, L. and Moniez, M. and Montegriffo, P. and Monteiro, D. and Mor, R. and Mora, A. and Morbidelli, R. and Morel, T. and Morgenthaler, S. and Morley, T. and Morris, D. and Mulone, A. F. and Muraveva, T. and Musella, I. and Narbonne, J. and Nelemans, G. and Nicastro, L. and Noval, L. and Ord\'enovic, C. and {Ordieres-Mer\'e}, J. and Osborne, P. and Pagani, C. and Pagano, I. and Pailler, F. and Palacin, H. and Palaversa, L. and Parsons, P. and Paulsen, T. and Pecoraro, M. and Pedrosa, R. and Pentik\"ainen, H. and Pereira, J. and Pichon, B. and Piersimoni, A. M. and Pineau, F.-X. and Plachy, E. and Plum, G. and Poujoulet, E. and Pr{\v s}a, A. and Pulone, L. and Ragaini, S. and Rago, S. and Rambaux, N. and {Ramos-Lerate}, M. and Ranalli, P. and Rauw, G. and Read, A. and Regibo, S. and Renk, F. and Reyl\'e, C. and Ribeiro, R. A. and Rimoldini, L. and Ripepi, V. and Riva, A. and Rixon, G. and Roelens, M. and {Romero-G\'omez}, M. and Rowell, N. and Royer, F. and Rudolph, A. and {Ruiz-Dern}, L. and Sadowski, G. and Sagrist\`a Sell\'es, T. and Sahlmann, J. and Salgado, J. and Salguero, E. and Sarasso, M. and Savietto, H. and Schnorhk, A. and Schultheis, M. and Sciacca, E. and Segol, M. and Segovia, J. C. and Segransan, D. and Serpell, E. and Shih, I.-C. and Smareglia, R. and Smart, R. L. and Smith, C. and Solano, E. and Solitro, F. and Sordo, R. and Soria Nieto, S. and Souchay, J. and Spagna, A. and Spoto, F. and Stampa, U. and Steele, I. A. and Steidelm\"uller, H. and Stephenson, C. A. and Stoev, H. and Suess, F. F. and S\"uveges, M. and Surdej, J. and Szabados, L. and {Szegedi-Elek}, E. and Tapiador, D. and Taris, F. and Tauran, G. and Taylor, M. B. and Teixeira, R. and Terrett, D. and Tingley, B. and Trager, S. C. and Turon, C. and Ulla, A. and Utrilla, E. and Valentini, G. and {van Elteren}, A. and Van Hemelryck, E. and {van Leeuwen}, M. and Varadi, M. and Vecchiato, A. and Veljanoski, J. and Via, T. and Vicente, D. and Vogt, S. and Voss, H. and Votruba, V. and Voutsinas, S. and Walmsley, G. and Weiler, M. and Weingrill, K. and Werner, D. and Wevers, T. and Whitehead, G. and Wyrzykowski, \L{} and Yoldas, A. and {\v Z}erjal, M. and Zucker, S. and Zurbach, C. and Zwitter, T. and Alecu, A. and Allen, M. and Allende Prieto, C. and Amorim, A. and {Anglada-Escud\'e}, G. and Arsenijevic, V. and Azaz, S. and Balm, P. and Beck, M. and Bernstein, H.-H. and Bigot, L. and Bijaoui, A. and Blasco, C. and Bonfigli, M. and Bono, G. and Boudreault, S. and Bressan, A. and Brown, S. and Brunet, P.-M. and Bunclark, P. and Buonanno, R. and Butkevich, A. G. and Carret, C. and Carrion, C. and Chemin, L. and Ch\'ereau, F. and Corcione, L. and Darmigny, E. and Boer, De and S, K. and {de Teodoro}, P. and Zeeuw, De and T, P. and Delle Luche, C. and Domingues, C. D. and Dubath, P. and Fodor, F. and Fr\'ezouls, B. and Fries, A. and Fustes, D. and Fyfe, D. and Gallardo, E. and Gallegos, J. and Gardiol, D. and Gebran, M. and Gomboc, A. and G\'omez, A. and Grux, E. and Gueguen, A. and Heyrovsky, A. and Hoar, J. and Iannicola, G. and Isasi Parache, Y. and Janotto, A.-M. and Joliet, E. and Jonckheere, A. and Keil, R. and Kim, D.-W. and Klagyivik, P. and Klar, J. and Knude, J. and Kochukhov, O. and Kolka, I. and Kos, J. and Kutka, A. and Lainey, V. and LeBouquin, D. and Liu, C. and Loreggia, D. and Makarov, V. V. and Marseille, M. G. and Martayan, C. and {Martinez-Rubi}, O. and Massart, B. and Meynadier, F. and Mignot, S. and Munari, U. and Nguyen, A.-T. and Nordlander, T. and Ocvirk, P. and O'Flaherty, K. S. and Olias Sanz, A. and Ortiz, P. and Osorio, J. and Oszkiewicz, D. and Ouzounis, A. and Palmer, M. and Park, P. and Pasquato, E. and Peltzer, C. and Peralta, J. and P\'eturaud, F. and Pieniluoma, T. and Pigozzi, E. and Poels, J. and Prat, G. and Prod'homme, T. and Raison, F. and Rebordao, J. M. and Risquez, D. and {Rocca-Volmerange}, B. and Rosen, S. and {Ruiz-Fuertes}, M. I. and Russo, F. and Sembay, S. and Serraller Vizcaino, I. and Short, A. and Siebert, A. and Silva, H. and Sinachopoulos, D. and Slezak, E. and Soffel, M. and Sosnowska, D. and Strai{\v z}ys, V. and {ter Linden}, M. and Terrell, D. and Theil, S. and Tiede, C. and Troisi, L. and Tsalmantza, P. and Tur, D. and Vaccari, M. and Vachier, F. and Valles, P. and Van Hamme, W. and Veltz, L. and Virtanen, J. and Wallut, J.-M. and Wichmann, R. and Wilkinson, M. I. and Ziaeepour, H. and Zschocke, S.},
  month = nov,
  year = {2016},
  pages = {A1},
  file = {/home/oliver/.zotero/zotero/jo6li438.default/zotero/storage/2M4YX3VT/Collaboration et al. - 2016 - The Gaia mission.pdf;/home/oliver/.zotero/zotero/jo6li438.default/zotero/storage/H8PVC9U9/ui.adsabs.harvard.edu.html}
}

@article{art:bedding+2011,
  title = {Gravity Modes as a Way to Distinguish between Hydrogen- and Helium-Burning Red Giant Stars},
  volume = {471},
  doi = {10.1038/nature09935},
  number = {7340},
  journal = {Nature},
  author = {Bedding, Timothy R. and Mosser, Benoit and Huber, Daniel and Montalb\'an, Josefina and Beck, Paul and {Christensen-Dalsgaard}, J\o{}rgen and Elsworth, Yvonne P. and Garc\'ia, Rafael A. and Miglio, Andrea and Stello, Dennis and White, Timothy R. and De Ridder, Joris and Hekker, Saskia and Aerts, Conny and Barban, Caroline and Belkacem, Kevin and Broomhall, Anne-Marie and Brown, Timothy M. and Buzasi, Derek L. and Carrier, Fabien and Chaplin, William J. and Mauro, Di and Pia, Maria and Dupret, Marc-Antoine and Frandsen, S\o{}ren and Gilliland, Ronald L. and Goupil, Marie-Jo and Jenkins, Jon M. and Kallinger, Thomas and Kawaler, Steven and Kjeldsen, Hans and Mathur, Savita and Noels, Arlette and Silva Aguirre, Victor and Ventura, Paolo},
  month = mar,
  year = {2011},
  pages = {608},
  file = {/home/oliver/.zotero/zotero/jo6li438.default/zotero/storage/JS4W9GJ4/Bedding et al. - 2011 - Gravity modes as a way to distinguish between hydr.pdf;/home/oliver/.zotero/zotero/jo6li438.default/zotero/storage/JDU7FXI2/ui.adsabs.harvard.edu.html}
}

@article{art:mosser+2011,
  title = {Mixed Modes in Red-Giant Stars Observed with {{CoRoT}}},
  volume = {532},
  doi = {10.1051/0004-6361/201116825},
  language = {en},
  journal = {Astron. Astrophys.},
  author = {Mosser, B. and Barban, C. and Montalb\'an, J. and Beck, P. G. and Miglio, A. and Belkacem, K. and Goupil, M. J. and Hekker, S. and De Ridder, J. and Dupret, M. A. and Elsworth, Y. and Noels, A. and Baudin, F. and Michel, E. and Samadi, R. and Auvergne, M. and Baglin, A. and Catala, C.},
  month = aug,
  year = {2011},
  pages = {A86},
  file = {/home/oliver/.zotero/zotero/jo6li438.default/zotero/storage/8IL7L879/Mosser et al. - 2011 - Mixed modes in red-giant stars observed with CoRoT.pdf;/home/oliver/.zotero/zotero/jo6li438.default/zotero/storage/QHRLU92T/ui.adsabs.harvard.edu.html}
}

@article{art:kallinger+2012,
  title = {Evolutionary Influences on the Structure of Red-Giant Acoustic Oscillation Spectra from 600d of {{Kepler}} Observations},
  volume = {541},
  doi = {10.1051/0004-6361/201218854},
  language = {en},
  journal = {Astron. Astrophys.},
  author = {Kallinger, T. and Hekker, S. and Mosser, B. and De Ridder, J. and Bedding, T. R. and Elsworth, Y. P. and Gruberbauer, M. and Guenther, D. B. and Stello, D. and Basu, S. and Garc\'ia, R. A. and Chaplin, W. J. and Mullally, F. and Still, M. and Thompson, S. E.},
  month = may,
  year = {2012},
  pages = {A51},
  file = {/home/oliver/.zotero/zotero/jo6li438.default/zotero/storage/E6IJYMZ3/Kallinger et al. - 2012 - Evolutionary influences on the structure of red-gi.pdf;/home/oliver/.zotero/zotero/jo6li438.default/zotero/storage/RLV8KN78/ui.adsabs.harvard.edu.html}
}

@article{art:mosser+2015,
  title = {Period Spacings in Red Giants. {{I}}. {{Disentangling}} Rotation and Revealing Core Structure Discontinuities},
  volume = {584},
  doi = {10.1051/0004-6361/201527075},
  language = {en},
  journal = {Astron. Astrophys.},
  author = {Mosser, B. and Vrard, M. and Belkacem, K. and Deheuvels, S. and Goupil, M. J.},
  month = dec,
  year = {2015},
  pages = {A50},
  file = {/home/oliver/.zotero/zotero/jo6li438.default/zotero/storage/S78ZUWWV/Mosser et al. - 2015 - Period spacings in red giants. I. Disentangling ro.pdf;/home/oliver/.zotero/zotero/jo6li438.default/zotero/storage/MDYFZDXL/ui.adsabs.harvard.edu.html}
}

@article{art:vrard+2016,
  title = {Period Spacings in Red Giants. {{II}}. {{Automated}} Measurement},
  volume = {588},
  doi = {10.1051/0004-6361/201527259},
  language = {en},
  journal = {Astron. Astrophys.},
  author = {Vrard, M. and Mosser, B. and Samadi, R.},
  month = apr,
  year = {2016},
  pages = {A87},
  file = {/home/oliver/.zotero/zotero/jo6li438.default/zotero/storage/K743K4NX/Vrard et al. - 2016 - Period spacings in red giants. II. Automated measu.pdf;/home/oliver/.zotero/zotero/jo6li438.default/zotero/storage/4NBU2I3A/ui.adsabs.harvard.edu.html}
}

@article{art:datta+2015,
  title = {Automated Determination of G-Mode Period Spacing of Red Giant Stars},
  volume = {447},
  doi = {10.1093/mnras/stu2499},
  number = {2},
  journal = {Mon. Not. R. Astron. Soc.},
  author = {Datta, Abhisek and Mazumdar, Anwesh and Gupta, Umang and Hekker, Saskia},
  month = feb,
  year = {2015},
  pages = {1935},
  file = {/home/oliver/.zotero/zotero/jo6li438.default/zotero/storage/HN85K84T/Datta et al. - 2015 - Automated determination of g-mode period spacing o.pdf;/home/oliver/.zotero/zotero/jo6li438.default/zotero/storage/BRBGQJVF/ui.adsabs.harvard.edu.html}
}

@article{art:davies+miglio2016,
  title = {Asteroseismology of Red Giants: {{From}} Analysing Light Curves to Estimating Ages},
  volume = {337},
  shorttitle = {Asteroseismology of Red Giants},
  doi = {10.1002/asna.201612371},
  number = {8-9},
  journal = {Astron. Nachrichten},
  author = {Davies, G. R. and Miglio, A.},
  month = sep,
  year = {2016},
  pages = {774},
  file = {/home/oliver/.zotero/zotero/jo6li438.default/zotero/storage/LYPC3VZU/Davies and Miglio - 2016 - Asteroseismology of red giants From analysing lig.pdf;/home/oliver/.zotero/zotero/jo6li438.default/zotero/storage/W5JVCII2/ui.adsabs.harvard.edu.html}
}

@article{art:girardi+salaris2001,
  title = {Population Effects on the Red Giant Clump Absolute Magnitude, and Distance Determinations to Nearby Galaxies},
  volume = {323},
  doi = {10.1046/j.1365-8711.2001.04084.x},
  number = {1},
  journal = {Mon. Not. R. Astron. Soc.},
  author = {Girardi, L\'eo and Salaris, Maurizio},
  month = may,
  year = {2001},
  pages = {109},
  file = {/home/oliver/.zotero/zotero/jo6li438.default/zotero/storage/QQMTKUP4/Girardi and Salaris - 2001 - Population effects on the red giant clump absolute.pdf;/home/oliver/.zotero/zotero/jo6li438.default/zotero/storage/PCBC8W56/ui.adsabs.harvard.edu.html}
}

@article{art:vanhelshoecht+groenewegen2007,
  title = {K-Band Magnitude of the Red Clump as a Distance Indicator},
  volume = {463},
  doi = {10.1051/0004-6361:20052721},
  number = {2},
  journal = {Astron. Astrophys.},
  author = {{van Helshoecht}, V. and Groenewegen, M. a. T.},
  month = feb,
  year = {2007},
  pages = {559},
  file = {/home/oliver/.zotero/zotero/jo6li438.default/zotero/storage/TKSUW9EY/van Helshoecht and Groenewegen - 2007 - K-band magnitude of the red clump as a distance in.pdf;/home/oliver/.zotero/zotero/jo6li438.default/zotero/storage/GC8W6JVG/ui.adsabs.harvard.edu.html}
}

@article{art:stello+2013,
  title = {Period {{Spacings}} of {{Most Red Giants Observed}} by {{Kepler}}},
  volume = {479},
  journal = {Prog. Phys. Sun Stars New Era Helio- Asteroseismol.},
  author = {Stello, D. and Huber, D. and Bedding, T. R. and Benomar, O. and Bildsten, L. and Elsworth, Y. and Gilliland, R. L. and Mosser, B. and Paxton, B. and White, T. R.},
  month = dec,
  year = {2013},
  pages = {167},
  file = {/home/oliver/.zotero/zotero/jo6li438.default/zotero/storage/4ZJAHIHG/Stello et al. - 2013 - Period Spacings of Most Red Giants Observed by Kep.pdf;/home/oliver/.zotero/zotero/jo6li438.default/zotero/storage/NV8EZWIZ/ui.adsabs.harvard.edu.html}
}

@article{art:elsworth+2017,
  title = {A New Method for the Asteroseismic Determination of the Evolutionary State of Red-Giant Stars},
  volume = {466},
  doi = {10.1093/mnras/stw3288},
  number = {3},
  journal = {Mon. Not. R. Astron. Soc.},
  author = {Elsworth, Yvonne and Hekker, Saskia and Basu, Sarbani and Davies, Guy R.},
  month = apr,
  year = {2017},
  pages = {3344},
  file = {/home/oliver/.zotero/zotero/jo6li438.default/zotero/storage/K5YTJJWZ/Elsworth et al. - 2017 - A new method for the asteroseismic determination o.pdf;/home/oliver/.zotero/zotero/jo6li438.default/zotero/storage/6ZEXSHTU/ui.adsabs.harvard.edu.html}
}

@article{art:hon+2017,
  title = {Deep Learning Classification in Asteroseismology},
  volume = {469},
  doi = {10.1093/mnras/stx1174},
  number = {4},
  journal = {Mon. Not. R. Astron. Soc.},
  author = {Hon, Marc and Stello, Dennis and Yu, Jie},
  month = aug,
  year = {2017},
  pages = {4578},
  file = {/home/oliver/.zotero/zotero/jo6li438.default/zotero/storage/J4Z2XM7G/Hon et al. - 2017 - Deep learning classification in asteroseismology.pdf;/home/oliver/.zotero/zotero/jo6li438.default/zotero/storage/Y2AS7G4U/ui.adsabs.harvard.edu.html}
}

@article{art:brogaard+2018,
  title = {Establishing the Accuracy of Asteroseismic Mass and Radius Estimates of Giant Stars - {{I}}. {{Three}} Eclipsing Systems at [{{Fe}}/{{H}}] \~ -0.3 and the Need for a Large High-Precision Sample},
  volume = {476},
  doi = {10.1093/mnras/sty268},
  number = {3},
  journal = {Mon. Not. R. Astron. Soc.},
  author = {Brogaard, K. and Hansen, C. J. and Miglio, A. and Slumstrup, D. and Frandsen, S. and {Jessen-Hansen}, J. and Lund, M. N. and Bossini, D. and Thygesen, A. and Davies, G. R. and Chaplin, W. J. and Arentoft, T. and Bruntt, H. and Grundahl, F. and Handberg, R.},
  month = may,
  year = {2018},
  pages = {3729},
  file = {/home/oliver/.zotero/zotero/jo6li438.default/zotero/storage/EGQWQYYC/Brogaard et al. - 2018 - Establishing the accuracy of asteroseismic mass an.pdf;/home/oliver/.zotero/zotero/jo6li438.default/zotero/storage/PFWVEHZV/ui.adsabs.harvard.edu.html}
}

@article{art:handberg+2017,
  title = {{{NGC}} 6819: Testing the Asteroseismic Mass Scale, Mass Loss and Evidence for Products of Non-Standard Evolution},
  volume = {472},
  shorttitle = {{{NGC}} 6819},
  doi = {10.1093/mnras/stx1929},
  number = {1},
  journal = {Mon. Not. R. Astron. Soc.},
  author = {Handberg, R. and Brogaard, K. and Miglio, A. and Bossini, D. and Elsworth, Y. and Slumstrup, D. and Davies, G. R. and Chaplin, W. J.},
  month = nov,
  year = {2017},
  pages = {979},
  file = {/home/oliver/.zotero/zotero/jo6li438.default/zotero/storage/954DLCH6/Handberg et al. - 2017 - NGC 6819 testing the asteroseismic mass scale, ma.pdf;/home/oliver/.zotero/zotero/jo6li438.default/zotero/storage/UIW7Z6PS/ui.adsabs.harvard.edu.html}
}

@article{art:rodrigues+2017,
  title = {Determining Stellar Parameters of Asteroseismic Targets: Going beyond the Use of Scaling Relations},
  volume = {467},
  shorttitle = {Determining Stellar Parameters of Asteroseismic Targets},
  doi = {10.1093/mnras/stx120},
  number = {2},
  journal = {Mon. Not. R. Astron. Soc.},
  author = {Rodrigues, Tha\'ise S. and Bossini, Diego and Miglio, Andrea and Girardi, L\'eo and Montalb\'an, Josefina and Noels, Arlette and Trabucchi, Michele and Coelho, Hugo Rodrigues and Marigo, Paola},
  month = may,
  year = {2017},
  pages = {1433},
  file = {/home/oliver/.zotero/zotero/jo6li438.default/zotero/storage/TVGMEETP/Rodrigues et al. - 2017 - Determining stellar parameters of asteroseismic ta.pdf;/home/oliver/.zotero/zotero/jo6li438.default/zotero/storage/RBVUQBHY/ui.adsabs.harvard.edu.html}
}

@article{art:skrutskie+2006,
  title = {The {{Two Micron All Sky Survey}} ({{2MASS}})},
  volume = {131},
  doi = {10.1086/498708},
  number = {2},
  journal = {Astron. J.},
  author = {Skrutskie, M. F. and Cutri, R. M. and Stiening, R. and Weinberg, M. D. and Schneider, S. and Carpenter, J. M. and Beichman, C. and Capps, R. and Chester, T. and Elias, J. and Huchra, J. and Liebert, J. and Lonsdale, C. and Monet, D. G. and Price, S. and Seitzer, P. and Jarrett, T. and Kirkpatrick, J. D. and Gizis, J. E. and Howard, E. and Evans, T. and Fowler, J. and Fullmer, L. and Hurt, R. and Light, R. and Kopan, E. L. and Marsh, K. A. and McCallon, H. L. and Tam, R. and Van Dyk, S. and Wheelock, S.},
  month = feb,
  year = {2006},
  pages = {1163},
  file = {/home/oliver/.zotero/zotero/jo6li438.default/zotero/storage/6AD4QWJ9/Skrutskie et al. - 2006 - The Two Micron All Sky Survey (2MASS).pdf;/home/oliver/.zotero/zotero/jo6li438.default/zotero/storage/59XUDTTN/ui.adsabs.harvard.edu.html}
}

@article{art:green+2018,
  title = {Galactic Reddening in {{3D}} from Stellar Photometry - an Improved Map},
  volume = {478},
  doi = {10.1093/mnras/sty1008},
  number = {1},
  journal = {Mon. Not. R. Astron. Soc.},
  author = {Green, Gregory M. and Schlafly, Edward F. and Finkbeiner, Douglas and Rix, Hans-Walter and Martin, Nicolas and Burgett, William and Draper, Peter W. and Flewelling, Heather and Hodapp, Klaus and Kaiser, Nicholas and Kudritzki, Rolf-Peter and Magnier, Eugene A. and Metcalfe, Nigel and Tonry, John L. and Wainscoat, Richard and Waters, Christopher},
  month = jul,
  year = {2018},
  pages = {651},
  file = {/home/oliver/.zotero/zotero/jo6li438.default/zotero/storage/GDJCKDHU/Green et al. - 2018 - Galactic reddening in 3D from stellar photometry -.pdf;/home/oliver/.zotero/zotero/jo6li438.default/zotero/storage/6DMXXZKZ/ui.adsabs.harvard.edu.html}
}

@article{art:yuan+2013,
  title = {Empirical Extinction Coefficients for the {{GALEX}}, {{SDSS}}, {{2MASS}} and {{WISE}} Passbands},
  volume = {430},
  doi = {10.1093/mnras/stt039},
  number = {3},
  journal = {Mon. Not. R. Astron. Soc.},
  author = {Yuan, H. B. and Liu, X. W. and Xiang, M. S.},
  month = apr,
  year = {2013},
  pages = {2188},
  file = {/home/oliver/.zotero/zotero/jo6li438.default/zotero/storage/F833W3I5/Yuan et al. - 2013 - Empirical extinction coefficients for the GALEX, S.pdf;/home/oliver/.zotero/zotero/jo6li438.default/zotero/storage/TC2M6YPW/ui.adsabs.harvard.edu.html}
}

@article{art:casagrande+vandenberg2018,
  title = {On the Use of {{Gaia}} Magnitudes and New Tables of Bolometric Corrections},
  volume = {479},
  doi = {10.1093/mnrasl/sly104},
  number = {1},
  journal = {Mon. Not. R. Astron. Soc.},
  author = {Casagrande, L. and VandenBerg, Don A.},
  month = sep,
  year = {2018},
  pages = {L102},
  file = {/home/oliver/.zotero/zotero/jo6li438.default/zotero/storage/2GVXJFTQ/Casagrande and VandenBerg - 2018 - On the use of Gaia magnitudes and new tables of bo.pdf;/home/oliver/.zotero/zotero/jo6li438.default/zotero/storage/XFYG4PVM/ui.adsabs.harvard.edu.html}
}

@article{art:hawkins+2017,
  title = {Red Clump Stars and {{Gaia}}: Calibration of the Standard Candle Using a Hierarchical Probabilistic Model},
  volume = {471},
  shorttitle = {Red Clump Stars and {{Gaia}}},
  doi = {10.1093/mnras/stx1655},
  number = {1},
  journal = {Mon. Not. R. Astron. Soc.},
  author = {Hawkins, Keith and Leistedt, Boris and Bovy, Jo and Hogg, David W.},
  month = oct,
  year = {2017},
  pages = {722},
  file = {/home/oliver/.zotero/zotero/jo6li438.default/zotero/storage/U4J9T5QF/Hawkins et al. - 2017 - Red clump stars and Gaia calibration of the stand.pdf;/home/oliver/.zotero/zotero/jo6li438.default/zotero/storage/9RL5TWHG/ui.adsabs.harvard.edu.html}
}

@article{art:zinn+2018,
  title = {Confirmation of the Zero-Point Offset in {{Gaia Data Release}} 2 Parallaxes Using Asteroseismology and {{APOGEE}} Spectroscopy in the {{Kepler}} Field},
  journal = {ArXiv E-Prints},
  author = {Zinn, Joel C. and Pinsonneault, Marc H. and Huber, Daniel and Stello, Dennis},
  month = may,
  year = {2018},
  pages = {arXiv:1805.02650},
  file = {/home/oliver/.zotero/zotero/jo6li438.default/zotero/storage/FS4UUIID/Zinn et al. - 2018 - Confirmation of the zero-point offset in Gaia Data.pdf;/home/oliver/.zotero/zotero/jo6li438.default/zotero/storage/KY6RXFKV/ui.adsabs.harvard.edu.html}
}

@article{art:khan+2019,
  title = {New light on the Gaia DR2 parallax zero-point: influence of the asteroseismic approach, in and beyond the Kepler field},
  journal = {ArXiv E-Prints},
  author = {Khan, S. and Miglio, A. and Mosser, B. and Arenou, F. and Belkacem, K. and Brown, A. G. A. and Katz, D. and Casagrande, L. and Chaplin, W. J. and Davies, G. R. and Rendle, B. M. and Rodrigues, T. S. and Bossini, D. and Cantat-Gaudin, T. and Elsworth, Y. P and Girardi, L. and North, T. S. H. and Vallenari, A.},
  month = apr,
  year = {2019},
  pages = {arXiv:1904.05676}
}

@article{art:zinn+2017,
  title = {Evidence for {{Spatially Correlated Gaia Parallax Errors}} in the {{Kepler Field}}},
  volume = {844},
  doi = {10.3847/1538-4357/aa7c1c},
  number = {2},
  journal = {Astrophys. J.},
  author = {Zinn, Joel C. and Huber, Daniel and Pinsonneault, Marc H. and Stello, Dennis},
  month = aug,
  year = {2017},
  pages = {166},
  file = {/home/oliver/.zotero/zotero/jo6li438.default/zotero/storage/32NNMH3S/Zinn et al. - 2017 - Evidence for Spatially Correlated Gaia Parallax Er.pdf;/home/oliver/.zotero/zotero/jo6li438.default/zotero/storage/R3AABSAP/ui.adsabs.harvard.edu.html}
}

@article{art:baglin+2006,
  title = {The Seismology Programme of the {{CoRoT}} Space Mission},
  volume = {624},
  journal = {Proc. SOHO 18GONG 2006HELAS Spherical Sun},
  author = {Baglin, A. and Michel, E. and Auvergne, M. and Team, Corot},
  month = oct,
  year = {2006},
  pages = {34},
  file = {/home/oliver/.zotero/zotero/jo6li438.default/zotero/storage/5UQNQ9MQ/Baglin et al. - 2006 - The seismology programme of the CoRoT space missio.pdf;/home/oliver/.zotero/zotero/jo6li438.default/zotero/storage/QDITHA4F/ui.adsabs.harvard.edu.html}
}

@article{art:grunblatt+2017,
  title = {Seeing {{Double}} with {{K2}}: {{Testing Re}}-Inflation with {{Two Remarkably Similar Planets}} around {{Red Giant Branch Stars}}},
  volume = {154},
  shorttitle = {Seeing {{Double}} with {{K2}}},
  doi = {10.3847/1538-3881/aa932d},
  number = {6},
  journal = {Astron. J.},
  author = {Grunblatt, Samuel K. and Huber, Daniel and Gaidos, Eric and Lopez, Eric D. and Howard, Andrew W. and Isaacson, Howard T. and Sinukoff, Evan and Vanderburg, Andrew and Nofi, Larissa and Yu, Jie and North, Thomas S. H. and Chaplin, William and {Foreman-Mackey}, Daniel and Petigura, Erik and Ansdell, Megan and Weiss, Lauren and Fulton, Benjamin and Lin, Douglas N. C.},
  month = dec,
  year = {2017},
  pages = {254},
  file = {/home/oliver/.zotero/zotero/jo6li438.default/zotero/storage/TITCD2RP/Grunblatt et al. - 2017 - Seeing Double with K2 Testing Re-inflation with T.pdf;/home/oliver/.zotero/zotero/jo6li438.default/zotero/storage/D3BQQ6J4/ui.adsabs.harvard.edu.html}
}

@article{art:davies+2015,
  title = {Asteroseismic Inference on Rotation, Gyrochronology and Planetary System Dynamics of 16 {{Cygni}}},
  volume = {446},
  doi = {10.1093/mnras/stu2331},
  number = {3},
  journal = {Mon. Not. R. Astron. Soc.},
  author = {Davies, G. R. and Chaplin, W. J. and Farr, W. M. and Garc\'ia, R. A. and Lund, M. N. and Mathis, S. and Metcalfe, T. S. and Appourchaux, T. and Basu, S. and Benomar, O. and Campante, T. L. and Ceillier, T. and Elsworth, Y. and Handberg, R. and Salabert, D. and Stello, D.},
  month = jan,
  year = {2015},
  pages = {2959},
  file = {/home/oliver/.zotero/zotero/jo6li438.default/zotero/storage/4GVGNPZH/Davies et al. - 2015 - Asteroseismic inference on rotation, gyrochronolog.pdf;/home/oliver/.zotero/zotero/jo6li438.default/zotero/storage/ULUIW8US/ui.adsabs.harvard.edu.html}
}

@article{art:casagrande+2014a,
  title = {Str\"omgren {{Survey}} for {{Asteroseismology}} and {{Galactic Archaeology}}: {{Let}} the {{SAGA Begin}}},
  volume = {787},
  shorttitle = {Str\"omgren {{Survey}} for {{Asteroseismology}} and {{Galactic Archaeology}}},
  doi = {10.1088/0004-637X/787/2/110},
  number = {2},
  journal = {Astrophys. J.},
  author = {Casagrande, L. and Silva Aguirre, V. and Stello, D. and Huber, D. and Serenelli, A. M. and Cassisi, S. and Dotter, A. and Milone, A. P. and Hodgkin, S. and Marino, A. F. and Lund, M. N. and Pietrinferni, A. and Asplund, M. and Feltzing, S. and Flynn, C. and Grundahl, F. and Nissen, P. E. and Sch\"onrich, R. and Schlesinger, K. J. and Wang, W.},
  month = jun,
  year = {2014},
  pages = {110},
  file = {/home/oliver/.zotero/zotero/jo6li438.default/zotero/storage/4XSZN2DY/Casagrande et al. - 2014 - Strömgren Survey for Asteroseismology and Galactic.pdf;/home/oliver/.zotero/zotero/jo6li438.default/zotero/storage/WKE74XX2/ui.adsabs.harvard.edu.html}
}

@article{art:luri+2018,
       author = {{Luri}, X. and {Brown}, A.~G.~A. and {Sarro}, L.~M. and {Arenou}, F. and
         {Bailer-Jones}, C.~A.~L. and {Castro-Ginard}, A. and {de Bruijne}, J. and
         {Prusti}, T. and {Babusiaux}, C. and {Delgado}, H.~E.},
        title = "{Gaia Data Release 2. Using Gaia parallaxes}",
      journal = {\aap},
     keywords = {astrometry, parallaxes, methods: data analysis, methods: statistical, catalogs, Astrophysics - Instrumentation and Methods for Astrophysics},
         year = "2018",
        month = "Aug",
       volume = {616},
          eid = {A9},
        pages = {A9},
          doi = {10.1051/0004-6361/201832964},
archivePrefix = {arXiv},
       eprint = {1804.09376},
 primaryClass = {astro-ph.IM},
       adsurl = {https://ui.adsabs.harvard.edu/\#abs/2018A&A...616A...9L},
      adsnote = {Provided by the SAO/NASA Astrophysics Data System}
}

@article{art:mathur+2017,
  title = {Revised {{Stellar Properties}} of {{Kepler Targets}} for the {{Q1}}-17 ({{DR25}}) {{Transit Detection Run}}},
  volume = {229},
  doi = {10.3847/1538-4365/229/2/30},
  number = {2},
  journal = {Astrophys. J. Suppl. Ser.},
  author = {Mathur, Savita and Huber, Daniel and Batalha, Natalie M. and Ciardi, David R. and Bastien, Fabienne A. and Bieryla, Allyson and Buchhave, Lars A. and Cochran, William D. and Endl, Michael and Esquerdo, Gilbert A. and Furlan, Elise and Howard, Andrew and Howell, Steve B. and Isaacson, Howard and Latham, David W. and MacQueen, Phillip J. and Silva, David R.},
  month = apr,
  year = {2017},
  pages = {30},
  file = {/home/oliver/.zotero/zotero/jo6li438.default/zotero/storage/VU8UAVH6/Mathur et al. - 2017 - Revised Stellar Properties of Kepler Targets for t.pdf;/home/oliver/.zotero/zotero/jo6li438.default/zotero/storage/Y4TL6EYY/ui.adsabs.harvard.edu.html}
}

@article{art:hogg+2010,
  title = {Data Analysis Recipes: {{Fitting}} a Model to Data},
  shorttitle = {Data Analysis Recipes},
  journal = {ArXiv E-Prints},
  author = {Hogg, David W. and Bovy, Jo and Lang, Dustin},
  month = aug,
  year = {2010},
  pages = {arXiv:1008.4686},
  file = {/home/oliver/.zotero/zotero/jo6li438.default/zotero/storage/8XUUFTIN/Hogg et al. - 2010 - Data analysis recipes Fitting a model to data.pdf;/home/oliver/.zotero/zotero/jo6li438.default/zotero/storage/PQE48L9Y/ui.adsabs.harvard.edu.html}
}

@article{art:sharma+stello2016,
  title = {Asfgrid: {{Asteroseismic}} Parameters for a Star},
  shorttitle = {Asfgrid},
  journal = {Astrophys. Source Code Libr.},
  author = {Sharma, Sanjib and Stello, Dennis},
  month = mar,
  year = {2016},
  pages = {ascl:1603.009},
  file = {/home/oliver/.zotero/zotero/jo6li438.default/zotero/storage/F2ZI7LC5/ui.adsabs.harvard.edu.html}
}

@article{art:lindegren+2016,
  title = {Gaia {{Data Release}} 1. {{Astrometry}}: One Billion Positions, Two Million Proper Motions and Parallaxes},
  volume = {595},
  shorttitle = {Gaia {{Data Release}} 1. {{Astrometry}}},
  doi = {10.1051/0004-6361/201628714},
  language = {en},
  journal = {Astron. Astrophys.},
  author = {Lindegren, L. and Lammers, U. and Bastian, U. and Hern\'andez, J. and Klioner, S. and Hobbs, D. and Bombrun, A. and Michalik, D. and {Ramos-Lerate}, M. and Butkevich, A. and Comoretto, G. and Joliet, E. and Holl, B. and Hutton, A. and Parsons, P. and Steidelm\"uller, H. and Abbas, U. and Altmann, M. and Andrei, A. and Anton, S. and Bach, N. and Barache, C. and Becciani, U. and Berthier, J. and Bianchi, L. and Biermann, M. and Bouquillon, S. and Bourda, G. and Br\"usemeister, T. and Bucciarelli, B. and Busonero, D. and Carlucci, T. and Casta\~neda, J. and Charlot, P. and Clotet, M. and Crosta, M. and Davidson, M. and {de Felice}, F. and Drimmel, R. and Fabricius, C. and Fienga, A. and Figueras, F. and Fraile, E. and Gai, M. and Garralda, N. and Geyer, R. and {Gonz\'alez-Vidal}, J. J. and Guerra, R. and Hambly, N. C. and Hauser, M. and Jordan, S. and Lattanzi, M. G. and Lenhardt, H. and Liao, S. and L\"offler, W. and McMillan, P. J. and Mignard, F. and Mora, A. and Morbidelli, R. and Portell, J. and Riva, A. and Sarasso, M. and Serraller, I. and Siddiqui, H. and Smart, R. and Spagna, A. and Stampa, U. and Steele, I. and Taris, F. and Torra, J. and {van Reeven}, W. and Vecchiato, A. and Zschocke, S. and {de Bruijne}, J. and Gracia, G. and Raison, F. and Lister, T. and Marchant, J. and Messineo, R. and Soffel, M. and Osorio, J. and {de Torres}, A. and O'Mullane, W.},
  month = nov,
  year = {2016},
  pages = {A4},
  file = {/home/oliver/.zotero/zotero/jo6li438.default/zotero/storage/LJKYFN95/Lindegren et al. - 2016 - Gaia Data Release 1. Astrometry one billion posit.pdf;/home/oliver/.zotero/zotero/jo6li438.default/zotero/storage/TZS9VZC3/ui.adsabs.harvard.edu.html}
}

@article{art:deridder+2016,
  title = {Asteroseismic versus {{Gaia}} Distances: {{A}} First Comparison},
  volume = {595},
  shorttitle = {Asteroseismic versus {{Gaia}} Distances},
  doi = {10.1051/0004-6361/201629799},
  language = {en},
  journal = {Astron. Astrophys.},
  author = {De Ridder, J. and Molenberghs, G. and Eyer, L. and Aerts, C.},
  month = oct,
  year = {2016},
  pages = {L3},
  file = {/home/oliver/.zotero/zotero/jo6li438.default/zotero/storage/9XSTILXH/De Ridder et al. - 2016 - Asteroseismic versus Gaia distances A first compa.pdf;/home/oliver/.zotero/zotero/jo6li438.default/zotero/storage/NN6PZ77Z/ui.adsabs.harvard.edu.html}
}

@article{art:rodrigues+2014,
  title = {Bayesian Distances and Extinctions for Giants Observed by {{Kepler}} and {{APOGEE}}},
  volume = {445},
  doi = {10.1093/mnras/stu1907},
  number = {3},
  journal = {Mon. Not. R. Astron. Soc.},
  author = {Rodrigues, Tha\'ise S. and Girardi, L\'eo and Miglio, Andrea and Bossini, Diego and Bovy, Jo and Epstein, Courtney and Pinsonneault, Marc H. and Stello, Dennis and Zasowski, Gail and Allende Prieto, Carlos and Chaplin, William J. and Hekker, Saskia and Johnson, Jennifer A. and M\'esz\'aros, Szabolcs and Mosser, Beno\^it and Anders, Friedrich and Basu, Sarbani and Beers, Timothy C. and Chiappini, Cristina and Costa, Da and N, Luiz A. and Elsworth, Yvonne and Garc\'ia, Rafael A. and P\'erez, Garc\'ia and E, Ana and Hearty, Fred R. and Maia, Marcio A. G. and Majewski, Steven R. and Mathur, Savita and Montalb\'an, Josefina and Nidever, David L. and Santiago, Basilio and Schultheis, Mathias and Serenelli, Aldo and Shetrone, Matthew},
  month = dec,
  year = {2014},
  pages = {2758},
  file = {/home/oliver/.zotero/zotero/jo6li438.default/zotero/storage/NQWYT978/Rodrigues et al. - 2014 - Bayesian distances and extinctions for giants obse.pdf;/home/oliver/.zotero/zotero/jo6li438.default/zotero/storage/H4Y3MTM5/ui.adsabs.harvard.edu.html}
}

@article{art:belkacem+2013,
  title = {On the {{Seismic Scaling Relations}} $\increment\nu$ \textemdash{} $\rho$ and $N${\textsubscript{max}} \textemdash{} $N${\textsubscript{c}}},
  volume = {479},
  journal = {Prog. Phys. Sun Stars New Era Helio- Asteroseismol.},
  author = {Belkacem, K. and Samadi, R. and Mosser, B. and Goupil, M.-J. and Ludwig, H.-G.},
  month = dec,
  year = {2013},
  pages = {61},
  file = {/home/oliver/.zotero/zotero/jo6li438.default/zotero/storage/9KAXUP8Z/Belkacem et al. - 2013 - On the Seismic Scaling Relations ∆ν — ρ and νSUB.pdf;/home/oliver/.zotero/zotero/jo6li438.default/zotero/storage/XUUTQ3SJ/ui.adsabs.harvard.edu.html}
}

@article{art:chen+2017,
  title = {Absolute {{Magnitudes}} of {{Seismic Red Clumps}} in the {{Kepler Field}} and {{SAGA}}: {{The Age Dependency}} of the {{Distance Scale}}},
  volume = {840},
  shorttitle = {Absolute {{Magnitudes}} of {{Seismic Red Clumps}} in the {{Kepler Field}} and {{SAGA}}},
  doi = {10.3847/1538-4357/aa6d0f},
  number = {2},
  journal = {Astrophys. J.},
  author = {Chen, Y. Q. and Casagrande, L. and Zhao, G. and Bovy, J. and Silva Aguirre, V. and Zhao, J. K. and Jia, Y. P.},
  month = may,
  year = {2017},
  pages = {77},
  file = {/home/oliver/.zotero/zotero/jo6li438.default/zotero/storage/WR6JQFKB/Chen et al. - 2017 - Absolute Magnitudes of Seismic Red Clumps in the K.pdf;/home/oliver/.zotero/zotero/jo6li438.default/zotero/storage/7BPBXRZ5/ui.adsabs.harvard.edu.html}
}

@article{art:casagrande+vandenberg2014,
  title = {Synthetic Stellar Photometry - {{I}}. {{General}} Considerations and New Transformations for Broad-Band Systems},
  volume = {444},
  doi = {10.1093/mnras/stu1476},
  number = {1},
  journal = {Mon. Not. R. Astron. Soc.},
  author = {Casagrande, L. and VandenBerg, Don A.},
  month = oct,
  year = {2014},
  pages = {392},
  file = {/home/oliver/.zotero/zotero/jo6li438.default/zotero/storage/P3DJZCQ8/Casagrande and VandenBerg - 2014 - Synthetic stellar photometry - I. General consider.pdf;/home/oliver/.zotero/zotero/jo6li438.default/zotero/storage/7CLK3V97/ui.adsabs.harvard.edu.html}
}

@article{art:casagrande+vandenberg2018b,
  title = {Synthetic {{Stellar Photometry}} - {{II}}. {{Testing}} the Bolometric Flux Scale and Tables of Bolometric Corrections for the {{Hipparcos}}/{{Tycho}}, {{Pan}}-{{STARRS1}}, {{SkyMapper}}, and {{JWST}} Systems},
  volume = {475},
  doi = {10.1093/mnras/sty149},
  number = {4},
  journal = {Mon. Not. R. Astron. Soc.},
  author = {Casagrande, L. and VandenBerg, Don A.},
  month = apr,
  year = {2018},
  pages = {5023},
  file = {/home/oliver/.zotero/zotero/jo6li438.default/zotero/storage/95B6NDSK/Casagrande and VandenBerg - 2018 - Synthetic Stellar Photometry - II. Testing the bol.pdf;/home/oliver/.zotero/zotero/jo6li438.default/zotero/storage/LHWGTFV3/ui.adsabs.harvard.edu.html}
}

@article{art:flower1996,
  title = {Transformations from {{Theoretical Hertzsprung}}-{{Russell Diagrams}} to {{Color}}-{{Magnitude Diagrams}}: {{Effective Temperatures}}, {{B}}-{{V Colors}}, and {{Bolometric Corrections}}},
  volume = {469},
  shorttitle = {Transformations from {{Theoretical Hertzsprung}}-{{Russell Diagrams}} to {{Color}}-{{Magnitude Diagrams}}},
  doi = {10.1086/177785},
  journal = {Astrophys. J.},
  author = {Flower, Phillip J.},
  month = sep,
  year = {1996},
  pages = {355},
  file = {/home/oliver/.zotero/zotero/jo6li438.default/zotero/storage/677VJRCY/Flower - 1996 - Transformations from Theoretical Hertzsprung-Russe.pdf;/home/oliver/.zotero/zotero/jo6li438.default/zotero/storage/9Q3MJL8M/ui.adsabs.harvard.edu.html}
}

@article{art:torres2010,
  title = {On the {{Use}} of {{Empirical Bolometric Corrections}} for {{Stars}}},
  volume = {140},
  doi = {10.1088/0004-6256/140/5/1158},
  number = {5},
  journal = {Astron. J.},
  author = {Torres, Guillermo},
  month = nov,
  year = {2010},
  pages = {1158},
  file = {/home/oliver/.zotero/zotero/jo6li438.default/zotero/storage/YM5KB5D2/Torres - 2010 - On the Use of Empirical Bolometric Corrections for.pdf;/home/oliver/.zotero/zotero/jo6li438.default/zotero/storage/PFJLNCNM/ui.adsabs.harvard.edu.html}
}

@article{art:paxton+2011,
  title = {Modules for {{Experiments}} in {{Stellar Astrophysics}} ({{MESA}})},
  volume = {192},
  doi = {10.1088/0067-0049/192/1/3},
  number = {1},
  journal = {Astrophys. J. Suppl. Ser.},
  author = {Paxton, Bill and Bildsten, Lars and Dotter, Aaron and Herwig, Falk and Lesaffre, Pierre and Timmes, Frank},
  month = jan,
  year = {2011},
  pages = {3},
  file = {/home/oliver/.zotero/zotero/jo6li438.default/zotero/storage/AN2S55VI/Paxton et al. - 2011 - Modules for Experiments in Stellar Astrophysics (M.pdf;/home/oliver/.zotero/zotero/jo6li438.default/zotero/storage/GPC9R7V8/ui.adsabs.harvard.edu.html}
}

@article{art:paxton+2015,
  title = {Modules for {{Experiments}} in {{Stellar Astrophysics}} ({{MESA}}): {{Binaries}}, {{Pulsations}}, and {{Explosions}}},
  volume = {220},
  shorttitle = {Modules for {{Experiments}} in {{Stellar Astrophysics}} ({{MESA}})},
  doi = {10.1088/0067-0049/220/1/15},
  number = {1},
  journal = {Astrophys. J. Suppl. Ser.},
  author = {Paxton, Bill and Marchant, Pablo and Schwab, Josiah and Bauer, Evan B. and Bildsten, Lars and Cantiello, Matteo and Dessart, Luc and Farmer, R. and Hu, H. and Langer, N. and Townsend, R. H. D. and Townsley, Dean M. and Timmes, F. X.},
  month = sep,
  year = {2015},
  pages = {15},
  file = {/home/oliver/.zotero/zotero/jo6li438.default/zotero/storage/UFUN2VYI/Paxton et al. - 2015 - Modules for Experiments in Stellar Astrophysics (M.pdf;/home/oliver/.zotero/zotero/jo6li438.default/zotero/storage/ZHI2ELHJ/ui.adsabs.harvard.edu.html}
}

@article{art:paxton+2013,
  title = {Modules for {{Experiments}} in {{Stellar Astrophysics}} ({{MESA}}): {{Planets}}, {{Oscillations}}, {{Rotation}}, and {{Massive Stars}}},
  volume = {208},
  shorttitle = {Modules for {{Experiments}} in {{Stellar Astrophysics}} ({{MESA}})},
  doi = {10.1088/0067-0049/208/1/4},
  number = {1},
  journal = {Astrophys. J. Suppl. Ser.},
  author = {Paxton, Bill and Cantiello, Matteo and Arras, Phil and Bildsten, Lars and Brown, Edward F. and Dotter, Aaron and Mankovich, Christopher and Montgomery, M. H. and Stello, Dennis and Timmes, F. X. and Townsend, Richard},
  month = sep,
  year = {2013},
  pages = {4},
  file = {/home/oliver/.zotero/zotero/jo6li438.default/zotero/storage/AL52E8JW/Paxton et al. - 2013 - Modules for Experiments in Stellar Astrophysics (M.pdf;/home/oliver/.zotero/zotero/jo6li438.default/zotero/storage/8H4T84Q6/ui.adsabs.harvard.edu.html}
}

@article{art:belkacem+2011,
  title = {The Underlying Physical Meaning of the $N${\textsubscript{max}} - $N${\textsubscript{c}} Relation},
  volume = {530},
  doi = {10.1051/0004-6361/201116490},
  journal = {Astron. Astrophys.},
  author = {Belkacem, K. and Goupil, M. J. and Dupret, M. A. and Samadi, R. and Baudin, F. and Noels, A. and Mosser, B.},
  month = jun,
  year = {2011},
  pages = {A142},
  file = {/home/oliver/.zotero/zotero/jo6li438.default/zotero/storage/84A5MPWP/Belkacem et al. - 2011 - The underlying physical meaning of the νSUBmax.pdf;/home/oliver/.zotero/zotero/jo6li438.default/zotero/storage/NRWHUXNI/ui.adsabs.harvard.edu.html}
}

@article{art:mamajek+2015,
  title = {{{IAU}} 2015 {{Resolution B2}} on {{Recommended Zero Points}} for the {{Absolute}} and {{Apparent Bolometric Magnitude Scales}}},
  journal = {ArXiv E-Prints},
  author = {Mamajek, E. E. and Torres, G. and Prsa, A. and Harmanec, P. and Asplund, M. and Bennett, P. D. and Capitaine, N. and {Christensen-Dalsgaard}, J. and Depagne, E. and Folkner, W. M. and Haberreiter, M. and Hekker, S. and Hilton, J. L. and Kostov, V. and Kurtz, D. W. and Laskar, J. and Mason, B. D. and Milone, E. F. and Montgomery, M. M. and Richards, M. T. and Schou, J. and Stewart, S. G.},
  month = oct,
  year = {2015},
  pages = {arXiv:1510.06262},
  file = {/home/oliver/.zotero/zotero/jo6li438.default/zotero/storage/KD37NLQ5/Mamajek et al. - 2015 - IAU 2015 Resolution B2 on Recommended Zero Points .pdf;/home/oliver/.zotero/zotero/jo6li438.default/zotero/storage/C5L3YVB6/ui.adsabs.harvard.edu.html}
}

@article{art:huber+2011a,
  title = {Testing {{Scaling Relations}} for {{Solar}}-like {{Oscillations}} from the {{Main Sequence}} to {{Red Giants Using Kepler Data}}},
  volume = {743},
  doi = {10.1088/0004-637X/743/2/143},
  number = {2},
  journal = {Astrophys. J.},
  author = {Huber, D. and Bedding, T. R. and Stello, D. and Hekker, S. and Mathur, S. and Mosser, B. and Verner, G. A. and Bonanno, A. and Buzasi, D. L. and Campante, T. L. and Elsworth, Y. P. and Hale, S. J. and Kallinger, T. and Silva Aguirre, V. and Chaplin, W. J. and De Ridder, J. and Garc\'ia, R. A. and Appourchaux, T. and Frandsen, S. and Houdek, G. and {Molenda-\.{Z}akowicz}, J. and Monteiro, M. J. P. F. G. and {Christensen-Dalsgaard}, J. and Gilliland, R. L. and Kawaler, S. D. and Kjeldsen, H. and Broomhall, A. M. and Corsaro, E. and Salabert, D. and Sanderfer, D. T. and Seader, S. E. and Smith, J. C.},
  month = dec,
  year = {2011},
  pages = {143},
  file = {/home/oliver/.zotero/zotero/jo6li438.default/zotero/storage/LXCQLGWD/Huber et al. - 2011 - Testing Scaling Relations for Solar-like Oscillati.pdf;/home/oliver/.zotero/zotero/jo6li438.default/zotero/storage/7I9G8SGJ/ui.adsabs.harvard.edu.html}
}

@article{art:vaneylen+2018,
  title = {An Asteroseismic View of the Radius Valley: Stripped Cores, Not Born Rocky},
  volume = {479},
  shorttitle = {An Asteroseismic View of the Radius Valley},
  doi = {10.1093/mnras/sty1783},
  number = {4},
  journal = {Mon. Not. R. Astron. Soc.},
  author = {Van Eylen, V. and Agentoft, Camilla and Lundkvist, M. S. and Kjeldsen, H. and Owen, J. E. and Fulton, B. J. and Petigura, E. and Snellen, I.},
  month = oct,
  year = {2018},
  pages = {4786},
  file = {/home/oliver/.zotero/zotero/jo6li438.default/zotero/storage/GR8ILQRL/ui.adsabs.harvard.edu.html}
}

@article{art:hog+2000,
  title = {The {{Tycho}}-2 Catalogue of the 2.5 Million Brightest Stars},
  volume = {355},
  issn = {0004-6361},
  author = {H\o{}g, E. and Fabricius, C. and Makarov, V. V. and Urban, S. and Corbin, T. and Wycoff, G. and Bastian, U. and Schwekendiek, P. and Wicenec, A.},
  month = mar,
  year = {2000},
  keywords = {ASTROMETRY,CATALOGS,STARS: FUNDAMENTAL PARAMETERS},
  pages = {L27-L30},
  file = {/home/oliver/.zotero/zotero/jo6li438.default/zotero/storage/VGL4M7WN/Høg et al. - 2000 - The Tycho-2 catalogue of the 2.5 million brightest.pdf}
}

@article{art:davenport+covey2018,
  title = {Rotating {{Stars}} from {{Kepler Observed}} with {{Gaia DR2}}},
  journal = {ArXiv E-Prints},
  author = {Davenport, James R. A. and Covey, Kevin R.},
  month = jul,
  year = {2018},
  pages = {arXiv:1807.09841},
  file = {/home/oliver/.zotero/zotero/jo6li438.default/zotero/storage/EF6HSUWR/Davenport and Covey - 2018 - Rotating Stars from Kepler Observed with Gaia DR2.pdf;/home/oliver/.zotero/zotero/jo6li438.default/zotero/storage/Y5YW99QR/ui.adsabs.harvard.edu.html}
}

@article{art:huber+2013a,
  title = {Fundamental {{Properties}} of {{Kepler Planet}}-Candidate {{Host Stars}} Using {{Asteroseismology}}},
  volume = {767},
  doi = {10.1088/0004-637X/767/2/127},
  number = {2},
  journal = {Astrophys. J.},
  author = {Huber, Daniel and Chaplin, William J. and {Christensen-Dalsgaard}, J\o{}rgen and Gilliland, Ronald L. and Kjeldsen, Hans and Buchhave, Lars A. and Fischer, Debra A. and Lissauer, Jack J. and Rowe, Jason F. and {Sanchis-Ojeda}, Roberto and Basu, Sarbani and Handberg, Rasmus and Hekker, Saskia and Howard, Andrew W. and Isaacson, Howard and Karoff, Christoffer and Latham, David W. and Lund, Mikkel N. and Lundkvist, Mia and Marcy, Geoffrey W. and Miglio, Andrea and Silva Aguirre, Victor and Stello, Dennis and Arentoft, Torben and Barclay, Thomas and Bedding, Timothy R. and Burke, Christopher J. and Christiansen, Jessie L. and Elsworth, Yvonne P. and Haas, Michael R. and Kawaler, Steven D. and Metcalfe, Travis S. and Mullally, Fergal and Thompson, Susan E.},
  month = apr,
  year = {2013},
  pages = {127},
  file = {/home/oliver/.zotero/zotero/jo6li438.default/zotero/storage/8PMGPRPQ/Huber et al. - 2013 - Fundamental Properties of Kepler Planet-candidate .pdf;/home/oliver/.zotero/zotero/jo6li438.default/zotero/storage/MCZESDNN/ui.adsabs.harvard.edu.html}
}

@article{art:deheuvels+2012,
  title = {Seismic {{Evidence}} for a {{Rapidly Rotating Core}} in a {{Lower}}-Giant-Branch {{Star Observed}} with {{Kepler}}},
  volume = {756},
  doi = {10.1088/0004-637X/756/1/19},
  number = {1},
  journal = {Astrophys. J.},
  author = {Deheuvels, S. and Garc\'ia, R. A. and Chaplin, W. J. and Basu, S. and Antia, H. M. and Appourchaux, T. and Benomar, O. and Davies, G. R. and Elsworth, Y. and Gizon, L. and Goupil, M. J. and Reese, D. R. and Regulo, C. and Schou, J. and Stahn, T. and Casagrande, L. and {Christensen-Dalsgaard}, J. and Fischer, D. and Hekker, S. and Kjeldsen, H. and Mathur, S. and Mosser, B. and Pinsonneault, M. and Valenti, J. and Christiansen, J. L. and Kinemuchi, K. and Mullally, F.},
  month = sep,
  year = {2012},
  pages = {19},
  file = {/home/oliver/.zotero/zotero/jo6li438.default/zotero/storage/PPE3LZPB/Deheuvels et al. - 2012 - Seismic Evidence for a Rapidly Rotating Core in a .pdf;/home/oliver/.zotero/zotero/jo6li438.default/zotero/storage/ATFR23UE/ui.adsabs.harvard.edu.html}
}

@article{art:kawaler+1999,
  title = {Prospects for {{Measuring Differential Rotation}} in {{White Dwarfs}} through {{Asteroseismology}}},
  volume = {516},
  doi = {10.1086/307087},
  number = {1},
  journal = {Astrophys. J.},
  author = {Kawaler, Steven D. and Sekii, Takashi and Gough, Douglas},
  month = may,
  year = {1999},
  pages = {349},
  file = {/home/oliver/.zotero/zotero/jo6li438.default/zotero/storage/2STMLSGW/Kawaler et al. - 1999 - Prospects for Measuring Differential Rotation in W.pdf;/home/oliver/.zotero/zotero/jo6li438.default/zotero/storage/QYI5R8RC/ui.adsabs.harvard.edu.html}
}

@article{art:silvaaguirre+2013,
  title = {Stellar {{Ages}} and {{Convective Cores}} in {{Field Main}}-Sequence {{Stars}}: {{First Asteroseismic Application}} to {{Two Kepler Targets}}},
  volume = {769},
  shorttitle = {Stellar {{Ages}} and {{Convective Cores}} in {{Field Main}}-Sequence {{Stars}}},
  doi = {10.1088/0004-637X/769/2/141},
  number = {2},
  journal = {Astrophys. J.},
  author = {Silva Aguirre, V. and Basu, S. and Brand\~ao, I. M. and {Christensen-Dalsgaard}, J. and Deheuvels, S. and Do{\u g}an, G. and Metcalfe, T. S. and Serenelli, A. M. and Ballot, J. and Chaplin, W. J. and Cunha, M. S. and Weiss, A. and Appourchaux, T. and Casagrande, L. and Cassisi, S. and Creevey, O. L. and Garc\'ia, R. A. and Lebreton, Y. and Noels, A. and Sousa, S. G. and Stello, D. and White, T. R. and Kawaler, S. D. and Kjeldsen, H.},
  month = jun,
  year = {2013},
  pages = {141},
  file = {/home/oliver/.zotero/zotero/jo6li438.default/zotero/storage/MNUL3X6L/Silva Aguirre et al. - 2013 - Stellar Ages and Convective Cores in Field Main-se.pdf;/home/oliver/.zotero/zotero/jo6li438.default/zotero/storage/3QJUGH7C/ui.adsabs.harvard.edu.html}
}

@article{art:lund+2017,
  title = {Standing on the {{Shoulders}} of {{Dwarfs}}: The {{Kepler Asteroseismic LEGACY Sample}}. {{I}}. {{Oscillation Mode Parameters}}},
  volume = {835},
  shorttitle = {Standing on the {{Shoulders}} of {{Dwarfs}}},
  doi = {10.3847/1538-4357/835/2/172},
  number = {2},
  journal = {Astrophys. J.},
  author = {Lund, Mikkel N. and Silva Aguirre, V\'ictor and Davies, Guy R. and Chaplin, William J. and {Christensen-Dalsgaard}, J\o{}rgen and Houdek, G\"unter and White, Timothy R. and Bedding, Timothy R. and Ball, Warrick H. and Huber, Daniel and Antia, H. M. and Lebreton, Yveline and Latham, David W. and Handberg, Rasmus and Verma, Kuldeep and Basu, Sarbani and Casagrande, Luca and Justesen, Anders B. and Kjeldsen, Hans and Mosumgaard, Jakob R.},
  month = feb,
  year = {2017},
  pages = {172},
  file = {/home/oliver/.zotero/zotero/jo6li438.default/zotero/storage/TS74254N/Lund et al. - 2017 - Standing on the Shoulders of Dwarfs the Kepler As.pdf;/home/oliver/.zotero/zotero/jo6li438.default/zotero/storage/9LWSN477/ui.adsabs.harvard.edu.html}
}

@article{art:silvaaguirre+2017,
  title = {Standing on the {{Shoulders}} of {{Dwarfs}}: The {{Kepler Asteroseismic LEGACY Sample}}. {{II}}.{{Radii}}, {{Masses}}, and {{Ages}}},
  volume = {835},
  shorttitle = {Standing on the {{Shoulders}} of {{Dwarfs}}},
  doi = {10.3847/1538-4357/835/2/173},
  number = {2},
  journal = {Astrophys. J.},
  author = {Silva Aguirre, V\'ictor and Lund, Mikkel N. and Antia, H. M. and Ball, Warrick H. and Basu, Sarbani and {Christensen-Dalsgaard}, J\o{}rgen and Lebreton, Yveline and Reese, Daniel R. and Verma, Kuldeep and Casagrande, Luca and Justesen, Anders B. and Mosumgaard, Jakob R. and Chaplin, William J. and Bedding, Timothy R. and Davies, Guy R. and Handberg, Rasmus and Houdek, G\"unter and Huber, Daniel and Kjeldsen, Hans and Latham, David W. and White, Timothy R. and Coelho, Hugo R. and Miglio, Andrea and Rendle, Ben},
  month = feb,
  year = {2017},
  pages = {173},
  file = {/home/oliver/.zotero/zotero/jo6li438.default/zotero/storage/73B9GKJE/Silva Aguirre et al. - 2017 - Standing on the Shoulders of Dwarfs the Kepler As.pdf;/home/oliver/.zotero/zotero/jo6li438.default/zotero/storage/YFY78S45/ui.adsabs.harvard.edu.html}
}

@article{art:davies+2016,
  title = {Oscillation Frequencies for 35 {{Kepler}} Solar-Type Planet-Hosting Stars Using {{Bayesian}} Techniques and Machine Learning},
  volume = {456},
  doi = {10.1093/mnras/stv2593},
  number = {2},
  journal = {Mon. Not. R. Astron. Soc.},
  author = {Davies, G. R. and Silva Aguirre, V. and Bedding, T. R. and Handberg, R. and Lund, M. N. and Chaplin, W. J. and Huber, D. and White, T. R. and Benomar, O. and Hekker, S. and Basu, S. and Campante, T. L. and {Christensen-Dalsgaard}, J. and Elsworth, Y. and Karoff, C. and Kjeldsen, H. and Lundkvist, M. S. and Metcalfe, T. S. and Stello, D.},
  month = feb,
  year = {2016},
  pages = {2183},
  file = {/home/oliver/.zotero/zotero/jo6li438.default/zotero/storage/UGJ4PMTK/Davies et al. - 2016 - Oscillation frequencies for 35 Kepler solar-type p.pdf;/home/oliver/.zotero/zotero/jo6li438.default/zotero/storage/XGDZTB8J/ui.adsabs.harvard.edu.html}
}

@article{art:brown+2016,
  title = {Gaia {{Data Release}} 1. {{Summary}} of the Astrometric, Photometric, and Survey Properties},
  volume = {595},
  doi = {10.1051/0004-6361/201629512},
  language = {en},
  journal = {Astron. Astrophys.},
  author = {Brown, A. G. A. and Vallenari, A. and Prusti, T. and Bruijne, De and J, J. H. and Mignard, F. and Drimmel, R. and Babusiaux, C. and {Bailer-Jones}, C. a. L. and Bastian, U. and Biermann, M. and Evans, D. W. and Eyer, L. and Jansen, F. and Jordi, C. and Katz, D. and Klioner, S. A. and Lammers, U. and Lindegren, L. and Luri, X. and O'Mullane, W. and Panem, C. and Pourbaix, D. and Randich, S. and Sartoretti, P. and Siddiqui, H. I. and Soubiran, C. and Valette, V. and {van Leeuwen}, F. and Walton, N. A. and Aerts, C. and Arenou, F. and Cropper, M. and H\o{}g, E. and Lattanzi, M. G. and Grebel, E. K. and Holland, A. D. and Huc, C. and Passot, X. and Perryman, M. and Bramante, L. and Cacciari, C. and Casta\~neda, J. and Chaoul, L. and Cheek, N. and De Angeli, F. and Fabricius, C. and Guerra, R. and Hern\'andez, J. and {Jean-Antoine-Piccolo}, A. and Masana, E. and Messineo, R. and Mowlavi, N. and Nienartowicz, K. and {Ord\'o\~nez-Blanco}, D. and Panuzzo, P. and Portell, J. and Richards, P. J. and Riello, M. and Seabroke, G. M. and Tanga, P. and Th\'evenin, F. and Torra, J. and Els, S. G. and {Gracia-Abril}, G. and Comoretto, G. and {Garcia-Reinaldos}, M. and Lock, T. and Mercier, E. and Altmann, M. and Andrae, R. and Astraatmadja, T. L. and {Bellas-Velidis}, I. and Benson, K. and Berthier, J. and Blomme, R. and Busso, G. and Carry, B. and Cellino, A. and Clementini, G. and Cowell, S. and Creevey, O. and Cuypers, J. and Davidson, M. and De Ridder, J. and {de Torres}, A. and Delchambre, L. and Dell'Oro, A. and Ducourant, C. and Fr\'emat, Y. and {Garc\'ia-Torres}, M. and Gosset, E. and Halbwachs, J.-L. and Hambly, N. C. and Harrison, D. L. and Hauser, M. and Hestroffer, D. and Hodgkin, S. T. and Huckle, H. E. and Hutton, A. and Jasniewicz, G. and Jordan, S. and Kontizas, M. and Korn, A. J. and Lanzafame, A. C. and Manteiga, M. and Moitinho, A. and Muinonen, K. and Osinde, J. and Pancino, E. and Pauwels, T. and Petit, J.-M. and {Recio-Blanco}, A. and Robin, A. C. and Sarro, L. M. and Siopis, C. and Smith, M. and Smith, K. W. and Sozzetti, A. and Thuillot, W. and {van Reeven}, W. and Viala, Y. and Abbas, U. and Abreu Aramburu, A. and Accart, S. and Aguado, J. J. and Allan, P. M. and Allasia, W. and Altavilla, G. and \'Alvarez, M. A. and Alves, J. and Anderson, R. I. and Andrei, A. H. and Anglada Varela, E. and Antiche, E. and Antoja, T. and Ant\'on, S. and Arcay, B. and Bach, N. and Baker, S. G. and {Balaguer-N\'u\~nez}, L. and Barache, C. and Barata, C. and Barbier, A. and Barblan, F. and {Barrado y Navascu\'es}, D. and Barros, M. and Barstow, M. A. and Becciani, U. and Bellazzini, M. and Bello Garc\'ia, A. and Belokurov, V. and Bendjoya, P. and Berihuete, A. and Bianchi, L. and Bienaym\'e, O. and Billebaud, F. and Blagorodnova, N. and {Blanco-Cuaresma}, S. and Boch, T. and Bombrun, A. and Borrachero, R. and Bouquillon, S. and Bourda, G. and Bouy, H. and Bragaglia, A. and Breddels, M. A. and Brouillet, N. and Br\"usemeister, T. and Bucciarelli, B. and Burgess, P. and Burgon, R. and Burlacu, A. and Busonero, D. and Buzzi, R. and Caffau, E. and Cambras, J. and Campbell, H. and Cancelliere, R. and {Cantat-Gaudin}, T. and Carlucci, T. and Carrasco, J. M. and Castellani, M. and Charlot, P. and Charnas, J. and Chiavassa, A. and Clotet, M. and Cocozza, G. and Collins, R. S. and Costigan, G. and Crifo, F. and Cross, N. J. G. and Crosta, M. and Crowley, C. and Dafonte, C. and Damerdji, Y. and Dapergolas, A. and David, P. and David, M. and De Cat, P. and {de Felice}, F. and {de Laverny}, P. and De Luise, F. and De March, R. and {de Martino}, D. and {de Souza}, R. and Debosscher, J. and {del Pozo}, E. and Delbo, M. and Delgado, A. and Delgado, H. E. and Di Matteo, P. and Diakite, S. and Distefano, E. and Dolding, C. and Dos Anjos, S. and Drazinos, P. and Duran, J. and Dzigan, Y. and Edvardsson, B. and Enke, H. and Evans, N. W. and Eynard Bontemps, G. and Fabre, C. and Fabrizio, M. and Faigler, S. and Falc\~ao, A. J. and Farr\`as Casas, M. and Federici, L. and Fedorets, G. and {Fern\'andez-Hern\'andez}, J. and Fernique, P. and Fienga, A. and Figueras, F. and Filippi, F. and Findeisen, K. and Fonti, A. and Fouesneau, M. and Fraile, E. and Fraser, M. and Fuchs, J. and Gai, M. and Galleti, S. and Galluccio, L. and Garabato, D. and {Garc\'ia-Sedano}, F. and Garofalo, A. and Garralda, N. and Gavras, P. and Gerssen, J. and Geyer, R. and Gilmore, G. and Girona, S. and Giuffrida, G. and Gomes, M. and {Gonz\'alez-Marcos}, A. and {Gonz\'alez-N\'u\~nez}, J. and {Gonz\'alez-Vidal}, J. J. and Granvik, M. and Guerrier, A. and Guillout, P. and Guiraud, J. and G\'urpide, A. and {Guti\'errez-S\'anchez}, R. and Guy, L. P. and Haigron, R. and Hatzidimitriou, D. and Haywood, M. and Heiter, U. and Helmi, A. and Hobbs, D. and Hofmann, W. and Holl, B. and Holland, G. and Hunt, J. a. S. and Hypki, A. and Icardi, V. and Irwin, M. and {Jevardat de Fombelle}, G. and Jofr\'e, P. and Jonker, P. G. and Jorissen, A. and Julbe, F. and Karampelas, A. and Kochoska, A. and Kohley, R. and Kolenberg, K. and Kontizas, E. and Koposov, S. E. and Kordopatis, G. and Koubsky, P. and {Krone-Martins}, A. and Kudryashova, M. and Kull, I. and Bachchan, R. K. and {Lacoste-Seris}, F. and Lanza, A. F. and Lavigne, J.-B. and {Le Poncin-Lafitte}, C. and Lebreton, Y. and Lebzelter, T. and Leccia, S. and Leclerc, N. and {Lecoeur-Taibi}, I. and Lemaitre, V. and Lenhardt, H. and Leroux, F. and Liao, S. and Licata, E. and Lindstr\o{}m, H. E. P. and Lister, T. A. and Livanou, E. and Lobel, A. and L\"offler, W. and L\'opez, M. and Lorenz, D. and MacDonald, I. and Magalh\~aes Fernandes, T. and Managau, S. and Mann, R. G. and Mantelet, G. and Marchal, O. and Marchant, J. M. and Marconi, M. and Marinoni, S. and Marrese, P. M. and Marschalk\'o, G. and Marshall, D. J. and {Mart\'in-Fleitas}, J. M. and Martino, M. and Mary, N. and Matijevi{\v c}, G. and Mazeh, T. and McMillan, P. J. and Messina, S. and Michalik, D. and Millar, N. R. and Miranda, B. M. H. and Molina, D. and Molinaro, R. and Molinaro, M. and Moln\'ar, L. and Moniez, M. and Montegriffo, P. and Mor, R. and Mora, A. and Morbidelli, R. and Morel, T. and Morgenthaler, S. and Morris, D. and Mulone, A. F. and Muraveva, T. and Musella, I. and Narbonne, J. and Nelemans, G. and Nicastro, L. and Noval, L. and Ord\'enovic, C. and {Ordieres-Mer\'e}, J. and Osborne, P. and Pagani, C. and Pagano, I. and Pailler, F. and Palacin, H. and Palaversa, L. and Parsons, P. and Pecoraro, M. and Pedrosa, R. and Pentik\"ainen, H. and Pichon, B. and Piersimoni, A. M. and Pineau, F.-X. and Plachy, E. and Plum, G. and Poujoulet, E. and Pr{\v s}a, A. and Pulone, L. and Ragaini, S. and Rago, S. and Rambaux, N. and {Ramos-Lerate}, M. and Ranalli, P. and Rauw, G. and Read, A. and Regibo, S. and Reyl\'e, C. and Ribeiro, R. A. and Rimoldini, L. and Ripepi, V. and Riva, A. and Rixon, G. and Roelens, M. and {Romero-G\'omez}, M. and Rowell, N. and Royer, F. and {Ruiz-Dern}, L. and Sadowski, G. and Sagrist\`a Sell\'es, T. and Sahlmann, J. and Salgado, J. and Salguero, E. and Sarasso, M. and Savietto, H. and Schultheis, M. and Sciacca, E. and Segol, M. and Segovia, J. C. and Segransan, D. and Shih, I.-C. and Smareglia, R. and Smart, R. L. and Solano, E. and Solitro, F. and Sordo, R. and Soria Nieto, S. and Souchay, J. and Spagna, A. and Spoto, F. and Stampa, U. and Steele, I. A. and Steidelm\"uller, H. and Stephenson, C. A. and Stoev, H. and Suess, F. F. and S\"uveges, M. and Surdej, J. and Szabados, L. and {Szegedi-Elek}, E. and Tapiador, D. and Taris, F. and Tauran, G. and Taylor, M. B. and Teixeira, R. and Terrett, D. and Tingley, B. and Trager, S. C. and Turon, C. and Ulla, A. and Utrilla, E. and Valentini, G. and {van Elteren}, A. and Van Hemelryck, E. and {van Leeuwen}, M. and Varadi, M. and Vecchiato, A. and Veljanoski, J. and Via, T. and Vicente, D. and Vogt, S. and Voss, H. and Votruba, V. and Voutsinas, S. and Walmsley, G. and Weiler, M. and Weingrill, K. and Wevers, T. and Wyrzykowski, \L{} and Yoldas, A. and {\v Z}erjal, M. and Zucker, S. and Zurbach, C. and Zwitter, T. and Alecu, A. and Allen, M. and Allende Prieto, C. and Amorim, A. and {Anglada-Escud\'e}, G. and Arsenijevic, V. and Azaz, S. and Balm, P. and Beck, M. and Bernstein, H.-H. and Bigot, L. and Bijaoui, A. and Blasco, C. and Bonfigli, M. and Bono, G. and Boudreault, S. and Bressan, A. and Brown, S. and Brunet, P.-M. and Bunclark, P. and Buonanno, R. and Butkevich, A. G. and Carret, C. and Carrion, C. and Chemin, L. and Ch\'ereau, F. and Corcione, L. and Darmigny, E. and Boer, De and S, K. and {de Teodoro}, P. and Zeeuw, De and T, P. and Delle Luche, C. and Domingues, C. D. and Dubath, P. and Fodor, F. and Fr\'ezouls, B. and Fries, A. and Fustes, D. and Fyfe, D. and Gallardo, E. and Gallegos, J. and Gardiol, D. and Gebran, M. and Gomboc, A. and G\'omez, A. and Grux, E. and Gueguen, A. and Heyrovsky, A. and Hoar, J. and Iannicola, G. and Isasi Parache, Y. and Janotto, A.-M. and Joliet, E. and Jonckheere, A. and Keil, R. and Kim, D.-W. and Klagyivik, P. and Klar, J. and Knude, J. and Kochukhov, O. and Kolka, I. and Kos, J. and Kutka, A. and Lainey, V. and LeBouquin, D. and Liu, C. and Loreggia, D. and Makarov, V. V. and Marseille, M. G. and Martayan, C. and {Martinez-Rubi}, O. and Massart, B. and Meynadier, F. and Mignot, S. and Munari, U. and Nguyen, A.-T. and Nordlander, T. and Ocvirk, P. and O'Flaherty, K. S. and Olias Sanz, A. and Ortiz, P. and Osorio, J. and Oszkiewicz, D. and Ouzounis, A. and Palmer, M. and Park, P. and Pasquato, E. and Peltzer, C. and Peralta, J. and P\'eturaud, F. and Pieniluoma, T. and Pigozzi, E. and Poels, J. and Prat, G. and Prod'homme, T. and Raison, F. and Rebordao, J. M. and Risquez, D. and {Rocca-Volmerange}, B. and Rosen, S. and {Ruiz-Fuertes}, M. I. and Russo, F. and Sembay, S. and Serraller Vizcaino, I. and Short, A. and Siebert, A. and Silva, H. and Sinachopoulos, D. and Slezak, E. and Soffel, M. and Sosnowska, D. and Strai{\v z}ys, V. and {ter Linden}, M. and Terrell, D. and Theil, S. and Tiede, C. and Troisi, L. and Tsalmantza, P. and Tur, D. and Vaccari, M. and Vachier, F. and Valles, P. and Van Hamme, W. and Veltz, L. and Virtanen, J. and Wallut, J.-M. and Wichmann, R. and Wilkinson, M. I. and Ziaeepour, H. and Zschocke, S.},
  month = nov,
  year = {2016},
  pages = {A2},
  file = {/home/oliver/.zotero/zotero/jo6li438.default/zotero/storage/CZSESY6I/Brown et al. - 2016 - Gaia Data Release 1. Summary of the astrometric, p.pdf;/home/oliver/.zotero/zotero/jo6li438.default/zotero/storage/X8DEGNIS/ui.adsabs.harvard.edu.html}
}

@article{art:brown2018,
  title = {The {{Gaia}} Sky: Version 1.0},
  volume = {330},
  shorttitle = {The {{Gaia}} Sky},
  doi = {10.1017/S1743921317006664},
  journal = {Astrom. Astrophys. Gaia Sky},
  author = {Brown, Anthony G. A.},
  month = apr,
  year = {2018},
  pages = {13},
  file = {/home/oliver/.zotero/zotero/jo6li438.default/zotero/storage/JD3D2DLU/Brown - 2018 - The Gaia sky version 1.0.pdf;/home/oliver/.zotero/zotero/jo6li438.default/zotero/storage/5Z2GV86Z/ui.adsabs.harvard.edu.html}
}

@article{art:brown+2018,
  title = {Gaia {{Data Release}} 2. {{Summary}} of the Contents and Survey Properties},
  volume = {616},
  doi = {10.1051/0004-6361/201833051},
  language = {en},
  journal = {Astron. Astrophys.},
  author = {Brown, A. G. A. and Vallenari, A. and Prusti, T. and Bruijne, De and J, J. H. and Babusiaux, C. and {Bailer-Jones}, C. a. L. and Biermann, M. and Evans, D. W. and Eyer, L. and Jansen, F. and Jordi, C. and Klioner, S. A. and Lammers, U. and Lindegren, L. and Luri, X. and Mignard, F. and Panem, C. and Pourbaix, D. and Randich, S. and Sartoretti, P. and Siddiqui, H. I. and Soubiran, C. and {van Leeuwen}, F. and Walton, N. A. and Arenou, F. and Bastian, U. and Cropper, M. and Drimmel, R. and Katz, D. and Lattanzi, M. G. and Bakker, J. and Cacciari, C. and Casta\~neda, J. and Chaoul, L. and Cheek, N. and De Angeli, F. and Fabricius, C. and Guerra, R. and Holl, B. and Masana, E. and Messineo, R. and Mowlavi, N. and Nienartowicz, K. and Panuzzo, P. and Portell, J. and Riello, M. and Seabroke, G. M. and Tanga, P. and Th\'evenin, F. and {Gracia-Abril}, G. and Comoretto, G. and {Garcia-Reinaldos}, M. and Teyssier, D. and Altmann, M. and Andrae, R. and Audard, M. and {Bellas-Velidis}, I. and Benson, K. and Berthier, J. and Blomme, R. and Burgess, P. and Busso, G. and Carry, B. and Cellino, A. and Clementini, G. and Clotet, M. and Creevey, O. and Davidson, M. and De Ridder, J. and Delchambre, L. and Dell'Oro, A. and Ducourant, C. and {Fern\'andez-Hern\'andez}, J. and Fouesneau, M. and Fr\'emat, Y. and Galluccio, L. and {Garc\'ia-Torres}, M. and {Gonz\'alez-N\'u\~nez}, J. and {Gonz\'alez-Vidal}, J. J. and Gosset, E. and Guy, L. P. and Halbwachs, J.-L. and Hambly, N. C. and Harrison, D. L. and Hern\'andez, J. and Hestroffer, D. and Hodgkin, S. T. and Hutton, A. and Jasniewicz, G. and {Jean-Antoine-Piccolo}, A. and Jordan, S. and Korn, A. J. and {Krone-Martins}, A. and Lanzafame, A. C. and Lebzelter, T. and L\"offler, W. and Manteiga, M. and Marrese, P. M. and {Mart\'in-Fleitas}, J. M. and Moitinho, A. and Mora, A. and Muinonen, K. and Osinde, J. and Pancino, E. and Pauwels, T. and Petit, J.-M. and {Recio-Blanco}, A. and Richards, P. J. and Rimoldini, L. and Robin, A. C. and Sarro, L. M. and Siopis, C. and Smith, M. and Sozzetti, A. and S\"uveges, M. and Torra, J. and {van Reeven}, W. and Abbas, U. and Abreu Aramburu, A. and Accart, S. and Aerts, C. and Altavilla, G. and \'Alvarez, M. A. and Alvarez, R. and Alves, J. and Anderson, R. I. and Andrei, A. H. and Anglada Varela, E. and Antiche, E. and Antoja, T. and Arcay, B. and Astraatmadja, T. L. and Bach, N. and Baker, S. G. and {Balaguer-N\'u\~nez}, L. and Balm, P. and Barache, C. and Barata, C. and Barbato, D. and Barblan, F. and Barklem, P. S. and Barrado, D. and Barros, M. and Barstow, M. A. and Bartholom\'e Mu\~noz, S. and Bassilana, J.-L. and Becciani, U. and Bellazzini, M. and Berihuete, A. and Bertone, S. and Bianchi, L. and Bienaym\'e, O. and {Blanco-Cuaresma}, S. and Boch, T. and Boeche, C. and Bombrun, A. and Borrachero, R. and Bossini, D. and Bouquillon, S. and Bourda, G. and Bragaglia, A. and Bramante, L. and Breddels, M. A. and Bressan, A. and Brouillet, N. and Br\"usemeister, T. and Brugaletta, E. and Bucciarelli, B. and Burlacu, A. and Busonero, D. and Butkevich, A. G. and Buzzi, R. and Caffau, E. and Cancelliere, R. and Cannizzaro, G. and {Cantat-Gaudin}, T. and Carballo, R. and Carlucci, T. and Carrasco, J. M. and Casamiquela, L. and Castellani, M. and {Castro-Ginard}, A. and Charlot, P. and Chemin, L. and Chiavassa, A. and Cocozza, G. and Costigan, G. and Cowell, S. and Crifo, F. and Crosta, M. and Crowley, C. and Cuypers, J. and Dafonte, C. and Damerdji, Y. and Dapergolas, A. and David, P. and David, M. and {de Laverny}, P. and De Luise, F. and De March, R. and {de Martino}, D. and {de Souza}, R. and {de Torres}, A. and Debosscher, J. and {del Pozo}, E. and Delbo, M. and Delgado, A. and Delgado, H. E. and Di Matteo, P. and Diakite, S. and Diener, C. and Distefano, E. and Dolding, C. and Drazinos, P. and Dur\'an, J. and Edvardsson, B. and Enke, H. and Eriksson, K. and Esquej, P. and Eynard Bontemps, G. and Fabre, C. and Fabrizio, M. and Faigler, S. and Falc\~ao, A. J. and Farr\`as Casas, M. and Federici, L. and Fedorets, G. and Fernique, P. and Figueras, F. and Filippi, F. and Findeisen, K. and Fonti, A. and Fraile, E. and Fraser, M. and Fr\'ezouls, B. and Gai, M. and Galleti, S. and Garabato, D. and {Garc\'ia-Sedano}, F. and Garofalo, A. and Garralda, N. and Gavel, A. and Gavras, P. and Gerssen, J. and Geyer, R. and Giacobbe, P. and Gilmore, G. and Girona, S. and Giuffrida, G. and Glass, F. and Gomes, M. and Granvik, M. and Gueguen, A. and Guerrier, A. and Guiraud, J. and {Guti\'errez-S\'anchez}, R. and Haigron, R. and Hatzidimitriou, D. and Hauser, M. and Haywood, M. and Heiter, U. and Helmi, A. and Heu, J. and Hilger, T. and Hobbs, D. and Hofmann, W. and Holland, G. and Huckle, H. E. and Hypki, A. and Icardi, V. and Jan\ss{}en, K. and {Jevardat de Fombelle}, G. and Jonker, P. G. and Juh\'asz, \'A L. and Julbe, F. and Karampelas, A. and Kewley, A. and Klar, J. and Kochoska, A. and Kohley, R. and Kolenberg, K. and Kontizas, M. and Kontizas, E. and Koposov, S. E. and Kordopatis, G. and {Kostrzewa-Rutkowska}, Z. and Koubsky, P. and Lambert, S. and Lanza, A. F. and Lasne, Y. and Lavigne, J.-B. and Le Fustec, Y. and {Le Poncin-Lafitte}, C. and Lebreton, Y. and Leccia, S. and Leclerc, N. and {Lecoeur-Taibi}, I. and Lenhardt, H. and Leroux, F. and Liao, S. and Licata, E. and Lindstr\o{}m, H. E. P. and Lister, T. A. and Livanou, E. and Lobel, A. and L\'opez, M. and Managau, S. and Mann, R. G. and Mantelet, G. and Marchal, O. and Marchant, J. M. and Marconi, M. and Marinoni, S. and Marschalk\'o, G. and Marshall, D. J. and Martino, M. and Marton, G. and Mary, N. and Massari, D. and Matijevi{\v c}, G. and Mazeh, T. and McMillan, P. J. and Messina, S. and Michalik, D. and Millar, N. R. and Molina, D. and Molinaro, R. and Moln\'ar, L. and Montegriffo, P. and Mor, R. and Morbidelli, R. and Morel, T. and Morris, D. and Mulone, A. F. and Muraveva, T. and Musella, I. and Nelemans, G. and Nicastro, L. and Noval, L. and O'Mullane, W. and Ord\'enovic, C. and {Ord\'o\~nez-Blanco}, D. and Osborne, P. and Pagani, C. and Pagano, I. and Pailler, F. and Palacin, H. and Palaversa, L. and Panahi, A. and Pawlak, M. and Piersimoni, A. M. and Pineau, F.-X. and Plachy, E. and Plum, G. and Poggio, E. and Poujoulet, E. and Pr{\v s}a, A. and Pulone, L. and Racero, E. and Ragaini, S. and Rambaux, N. and {Ramos-Lerate}, M. and Regibo, S. and Reyl\'e, C. and Riclet, F. and Ripepi, V. and Riva, A. and Rivard, A. and Rixon, G. and Roegiers, T. and Roelens, M. and {Romero-G\'omez}, M. and Rowell, N. and Royer, F. and {Ruiz-Dern}, L. and Sadowski, G. and Sagrist\`a Sell\'es, T. and Sahlmann, J. and Salgado, J. and Salguero, E. and Sanna, N. and {Santana-Ros}, T. and Sarasso, M. and Savietto, H. and Schultheis, M. and Sciacca, E. and Segol, M. and Segovia, J. C. and S\'egransan, D. and Shih, I.-C. and Siltala, L. and Silva, A. F. and Smart, R. L. and Smith, K. W. and Solano, E. and Solitro, F. and Sordo, R. and Soria Nieto, S. and Souchay, J. and Spagna, A. and Spoto, F. and Stampa, U. and Steele, I. A. and Steidelm\"uller, H. and Stephenson, C. A. and Stoev, H. and Suess, F. F. and Surdej, J. and Szabados, L. and {Szegedi-Elek}, E. and Tapiador, D. and Taris, F. and Tauran, G. and Taylor, M. B. and Teixeira, R. and Terrett, D. and Teyssandier, P. and Thuillot, W. and Titarenko, A. and Torra Clotet, F. and Turon, C. and Ulla, A. and Utrilla, E. and Uzzi, S. and Vaillant, M. and Valentini, G. and Valette, V. and {van Elteren}, A. and Van Hemelryck, E. and {van Leeuwen}, M. and Vaschetto, M. and Vecchiato, A. and Veljanoski, J. and Viala, Y. and Vicente, D. and Vogt, S. and {von Essen}, C. and Voss, H. and Votruba, V. and Voutsinas, S. and Walmsley, G. and Weiler, M. and Wertz, O. and Wevers, T. and Wyrzykowski, \L{} and Yoldas, A. and {\v Z}erjal, M. and Ziaeepour, H. and Zorec, J. and Zschocke, S. and Zucker, S. and Zurbach, C. and Zwitter, T.},
  month = aug,
  year = {2018},
  pages = {A1},
  file = {/home/oliver/.zotero/zotero/jo6li438.default/zotero/storage/EBKAPVV8/Brown et al. - 2018 - Gaia Data Release 2. Summary of the contents and s.pdf;/home/oliver/.zotero/zotero/jo6li438.default/zotero/storage/QA6VPCW3/ui.adsabs.harvard.edu.html}
}

@article{art:hekker+2011,
  title = {Characterization of Red Giant Stars in the Public {{Kepler}} Data},
  volume = {414},
  doi = {10.1111/j.1365-2966.2011.18574.x},
  number = {3},
  journal = {Mon. Not. R. Astron. Soc.},
  author = {Hekker, S. and Gilliland, R. L. and Elsworth, Y. and Chaplin, W. J. and De Ridder, J. and Stello, D. and Kallinger, T. and Ibrahim, K. A. and Klaus, T. C. and Li, J.},
  month = jul,
  year = {2011},
  pages = {2594},
  file = {/home/oliver/.zotero/zotero/jo6li438.default/zotero/storage/2GS86676/Hekker et al. - 2011 - Characterization of red giant stars in the public .pdf;/home/oliver/.zotero/zotero/jo6li438.default/zotero/storage/BHM3BZ55/ui.adsabs.harvard.edu.html}
}

@article{art:pinsonneault+2014,
  title = {The {{APOKASC Catalog}}: {{An Asteroseismic}} and {{Spectroscopic Joint Survey}} of {{Targets}} in the {{Kepler Fields}}},
  volume = {215},
  shorttitle = {The {{APOKASC Catalog}}},
  doi = {10.1088/0067-0049/215/2/19},
  number = {2},
  journal = {Astrophys. J. Suppl. Ser.},
  author = {Pinsonneault, Marc H. and Elsworth, Yvonne and Epstein, Courtney and Hekker, Saskia and M\'esz\'aros, Sz and Chaplin, William J. and Johnson, Jennifer A. and Garc\'ia, Rafael A. and Holtzman, Jon and Mathur, Savita and Garc\'ia P\'erez, Ana and Silva Aguirre, Victor and Girardi, L\'eo and Basu, Sarbani and Shetrone, Matthew and Stello, Dennis and Allende Prieto, Carlos and An, Deokkeun and Beck, Paul and Beers, Timothy C. and Bizyaev, Dmitry and Bloemen, Steven and Bovy, Jo and Cunha, Katia and De Ridder, Joris and Frinchaboy, Peter M. and {Garc\'ia-Hern\'andez}, D. A. and Gilliland, Ronald and Harding, Paul and Hearty, Fred R. and Huber, Daniel and Ivans, Inese and Kallinger, Thomas and Majewski, Steven R. and Metcalfe, Travis S. and Miglio, Andrea and Mosser, Benoit and Muna, Demitri and Nidever, David L. and Schneider, Donald P. and Serenelli, Aldo and Smith, Verne V. and Tayar, Jamie and Zamora, Olga and Zasowski, Gail},
  month = dec,
  year = {2014},
  pages = {19},
  file = {/home/oliver/.zotero/zotero/jo6li438.default/zotero/storage/SNQVJ2YC/Pinsonneault et al. - 2014 - The APOKASC Catalog An Asteroseismic and Spectros.pdf;/home/oliver/.zotero/zotero/jo6li438.default/zotero/storage/TXTZGSHZ/ui.adsabs.harvard.edu.html}
}

@article{art:pinsonneault+2018,
       author = {{Pinsonneault}, Marc H. and {Elsworth}, Yvonne P. and {Tayar}, Jamie and
         {Serenelli}, Aldo and {Stello}, Dennis and {Zinn}, Joel and
         {Mathur}, Savita and {Garc{\'\i}a}, Rafael A. and
         {Johnson}, Jennifer A. and {Hekker}, Saskia and {Huber}, Daniel and
         {Kallinger}, Thomas and {M{\'e}sz{\'a}ros}, Szabolcs and
         {Mosser}, Benoit and {Stassun}, Keivan and {Girardi}, L{\'e}o and
         {Rodrigues}, Tha{\'\i}se S. and {Silva Aguirre}, Victor and
         {An}, Deokkeun and {Basu}, Sarbani and {Chaplin}, William J. and
         {Corsaro}, Enrico and {Cunha}, Katia and
         {Garc{\'\i}a-Hern{\'a}ndez}, D.~A. and {Holtzman}, Jon and
         {J{\"o}nsson}, Henrik and {Shetrone}, Matthew and {Smith}, Verne V. and
         {Sobeck}, Jennifer S. and {Stringfellow}, Guy S. and {Zamora}, Olga and
         {Beers}, Timothy C. and {Fern{\'a}ndez-Trincado}, J.~G. and
         {Frinchaboy}, Peter M. and {Hearty}, Fred R. and {Nitschelm}, Christian},
        title = "{The Second APOKASC Catalog: The Empirical Approach}",
      journal = {The Astrophysical Journal Supplement Series},
     keywords = {stars: abundances, stars: fundamental parameters, stars: oscillations: including pulsations, Astrophysics - Solar and Stellar Astrophysics},
         year = "2018",
        month = "Dec",
       volume = {239},
          eid = {32},
        pages = {32},
          doi = {10.3847/1538-4365/aaebfd},
archivePrefix = {arXiv},
       eprint = {1804.09983},
 primaryClass = {astro-ph.SR},
       adsurl = {https://ui.adsabs.harvard.edu/\#abs/2018ApJS..239...32P},
      adsnote = {Provided by the SAO/NASA Astrophysics Data System}
}


@article{art:chaplin+2011,
  title = {Ensemble {{Asteroseismology}} of {{Solar}}-{{Type Stars}} with the {{NASA Kepler Mission}}},
  volume = {332},
  doi = {10.1126/science.1201827},
  number = {6026},
  journal = {Science},
  author = {Chaplin, W. J. and Kjeldsen, H. and {Christensen-Dalsgaard}, J. and Basu, S. and Miglio, A. and Appourchaux, T. and Bedding, T. R. and Elsworth, Y. and Garc\'ia, R. A. and Gilliland, R. L. and Girardi, L. and Houdek, G. and Karoff, C. and Kawaler, S. D. and Metcalfe, T. S. and {Molenda-\.{Z}akowicz}, J. and Monteiro, M. J. P. F. G. and Thompson, M. J. and Verner, G. A. and Ballot, J. and Bonanno, A. and Brand\~ao, I. M. and Broomhall, A.-M. and Bruntt, H. and Campante, T. L. and Corsaro, E. and Creevey, O. L. and Do{\u g}an, G. and Esch, L. and Gai, N. and Gaulme, P. and Hale, S. J. and Handberg, R. and Hekker, S. and Huber, D. and Jim\'enez, A. and Mathur, S. and Mazumdar, A. and Mosser, B. and New, R. and Pinsonneault, M. H. and Pricopi, D. and Quirion, P.-O. and R\'egulo, C. and Salabert, D. and Serenelli, A. M. and Silva Aguirre, V. and Sousa, S. G. and Stello, D. and Stevens, I. R. and Suran, M. D. and Uytterhoeven, K. and White, T. R. and Borucki, W. J. and Brown, T. M. and Jenkins, J. M. and Kinemuchi, K. and Van Cleve, J. and Klaus, T. C.},
  month = apr,
  year = {2011},
  pages = {213},
  file = {/home/oliver/.zotero/zotero/jo6li438.default/zotero/storage/QLM5T3GK/ui.adsabs.harvard.edu.html}
}

@article{art:chaplin+2010,
  title = {The {{Asteroseismic Potential}} of {{Kepler}}: {{First Results}} for {{Solar}}-{{Type Stars}}},
  volume = {713},
  shorttitle = {The {{Asteroseismic Potential}} of {{Kepler}}},
  doi = {10.1088/2041-8205/713/2/L169},
  number = {2},
  journal = {Astrophys. J.},
  author = {Chaplin, W. J. and Appourchaux, T. and Elsworth, Y. and Garc\'ia, R. A. and Houdek, G. and Karoff, C. and Metcalfe, T. S. and {Molenda-\.{Z}akowicz}, J. and Monteiro, M. J. P. F. G. and Thompson, M. J. and Brown, T. M. and {Christensen-Dalsgaard}, J. and Gilliland, R. L. and Kjeldsen, H. and Borucki, W. J. and Koch, D. and Jenkins, J. M. and Ballot, J. and Basu, S. and Bazot, M. and Bedding, T. R. and Benomar, O. and Bonanno, A. and Brand\~ao, I. M. and Bruntt, H. and Campante, T. L. and Creevey, O. L. and Mauro, Di and P, M. and Do{\v g}an, G. and Dreizler, S. and Eggenberger, P. and Esch, L. and Fletcher, S. T. and Frandsen, S. and Gai, N. and Gaulme, P. and Handberg, R. and Hekker, S. and Howe, R. and Huber, D. and Korzennik, S. G. and Lebrun, J. C. and Leccia, S. and Martic, M. and Mathur, S. and Mosser, B. and New, R. and Quirion, P.-O. and R\'egulo, C. and Roxburgh, I. W. and Salabert, D. and Schou, J. and Sousa, S. G. and Stello, D. and Verner, G. A. and Arentoft, T. and Barban, C. and Belkacem, K. and Benatti, S. and Biazzo, K. and Boumier, P. and Bradley, P. A. and Broomhall, A.-M. and Buzasi, D. L. and Claudi, R. U. and Cunha, M. S. and D'Antona, F. and Deheuvels, S. and Derekas, A. and Garc\'ia Hern\'andez, A. and Giampapa, M. S. and Goupil, M. J. and Gruberbauer, M. and Guzik, J. A. and Hale, S. J. and Ireland, M. J. and Kiss, L. L. and Kitiashvili, I. N. and Kolenberg, K. and Korhonen, H. and Kosovichev, A. G. and Kupka, F. and Lebreton, Y. and Leroy, B. and Ludwig, H.-G. and Mathis, S. and Michel, E. and Miglio, A. and Montalb\'an, J. and Moya, A. and Noels, A. and Noyes, R. W. and Pall\'e, P. L. and Piau, L. and Preston, H. L. and Roca Cort\'es, T. and Roth, M. and Sato, K. H. and Schmitt, J. and Serenelli, A. M. and Silva Aguirre, V. and Stevens, I. R. and Su\'arez, J. C. and Suran, M. D. and Trampedach, R. and {Turck-Chi\`eze}, S. and Uytterhoeven, K. and Ventura, R. and Wilson, P. A.},
  month = apr,
  year = {2010},
  pages = {L169},
  file = {/home/oliver/.zotero/zotero/jo6li438.default/zotero/storage/TQFUPGMS/Chaplin et al. - 2010 - The Asteroseismic Potential of Kepler First Resul.pdf;/home/oliver/.zotero/zotero/jo6li438.default/zotero/storage/CHXY5EHN/ui.adsabs.harvard.edu.html}
}

@article{art:chaplin+2014c,
  title = {Asteroseismic {{Fundamental Properties}} of {{Solar}}-Type {{Stars Observed}} by the {{NASA Kepler Mission}}},
  volume = {210},
  doi = {10.1088/0067-0049/210/1/1},
  number = {1},
  journal = {Astrophys. J. Suppl. Ser.},
  author = {Chaplin, W. J. and Basu, S. and Huber, D. and Serenelli, A. and Casagrande, L. and Silva Aguirre, V. and Ball, W. H. and Creevey, O. L. and Gizon, L. and Handberg, R. and Karoff, C. and Lutz, R. and Marques, J. P. and Miglio, A. and Stello, D. and Suran, M. D. and Pricopi, D. and Metcalfe, T. S. and Monteiro, M. J. P. F. G. and {Molenda-\.{Z}akowicz}, J. and Appourchaux, T. and {Christensen-Dalsgaard}, J. and Elsworth, Y. and Garc\'ia, R. A. and Houdek, G. and Kjeldsen, H. and Bonanno, A. and Campante, T. L. and Corsaro, E. and Gaulme, P. and Hekker, S. and Mathur, S. and Mosser, B. and R\'egulo, C. and Salabert, D.},
  month = jan,
  year = {2014},
  pages = {1},
  file = {/home/oliver/.zotero/zotero/jo6li438.default/zotero/storage/QEJD5CKD/Chaplin et al. - 2014 - Asteroseismic Fundamental Properties of Solar-type.pdf;/home/oliver/.zotero/zotero/jo6li438.default/zotero/storage/SMIAYN5K/ui.adsabs.harvard.edu.html}
}

@article{art:batalha+2011,
  title = {Kepler's {{First Rocky Planet}}: {{Kepler}}-10b},
  volume = {729},
  shorttitle = {Kepler's {{First Rocky Planet}}},
  doi = {10.1088/0004-637X/729/1/27},
  number = {1},
  journal = {Astrophys. J.},
  author = {Batalha, Natalie M. and Borucki, William J. and Bryson, Stephen T. and Buchhave, Lars A. and Caldwell, Douglas A. and {Christensen-Dalsgaard}, J\o{}rgen and Ciardi, David and Dunham, Edward W. and Fressin, Francois and Gautier, Thomas N. and Gilliland, Ronald L. and Haas, Michael R. and Howell, Steve B. and Jenkins, Jon M. and Kjeldsen, Hans and Koch, David G. and Latham, David W. and Lissauer, Jack J. and Marcy, Geoffrey W. and Rowe, Jason F. and Sasselov, Dimitar D. and Seager, Sara and Steffen, Jason H. and Torres, Guillermo and Basri, Gibor S. and Brown, Timothy M. and Charbonneau, David and Christiansen, Jessie and Clarke, Bruce and Cochran, William D. and Dupree, Andrea and Fabrycky, Daniel C. and Fischer, Debra and Ford, Eric B. and Fortney, Jonathan and Girouard, Forrest R. and Holman, Matthew J. and Johnson, John and Isaacson, Howard and Klaus, Todd C. and Machalek, Pavel and Moorehead, Althea V. and Morehead, Robert C. and Ragozzine, Darin and Tenenbaum, Peter and Twicken, Joseph and Quinn, Samuel and VanCleve, Jeffrey and Walkowicz, Lucianne M. and Welsh, William F. and Devore, Edna and Gould, Alan},
  month = mar,
  year = {2011},
  pages = {27},
  file = {/home/oliver/.zotero/zotero/jo6li438.default/zotero/storage/IABSN2MG/Batalha et al. - 2011 - Kepler's First Rocky Planet Kepler-10b.pdf;/home/oliver/.zotero/zotero/jo6li438.default/zotero/storage/9EH767P3/ui.adsabs.harvard.edu.html}
}

@article{art:chaplin+2013,
  title = {Asteroseismic {{Determination}} of {{Obliquities}} of the {{Exoplanet Systems Kepler}}-50 and {{Kepler}}-65},
  volume = {766},
  doi = {10.1088/0004-637X/766/2/101},
  number = {2},
  journal = {Astrophys. J.},
  author = {Chaplin, W. J. and {Sanchis-Ojeda}, R. and Campante, T. L. and Handberg, R. and Stello, D. and Winn, J. N. and Basu, S. and {Christensen-Dalsgaard}, J. and Davies, G. R. and Metcalfe, T. S. and Buchhave, L. A. and Fischer, D. A. and Bedding, T. R. and Cochran, W. D. and Elsworth, Y. and Gilliland, R. L. and Hekker, S. and Huber, D. and Isaacson, H. and Karoff, C. and Kawaler, S. D. and Kjeldsen, H. and Latham, D. W. and Lund, M. N. and Lundkvist, M. and Marcy, G. W. and Miglio, A. and Barclay, T. and Lissauer, J. J.},
  month = apr,
  year = {2013},
  pages = {101},
  file = {/home/oliver/.zotero/zotero/jo6li438.default/zotero/storage/QLRYJAD4/Chaplin et al. - 2013 - Asteroseismic Determination of Obliquities of the .pdf;/home/oliver/.zotero/zotero/jo6li438.default/zotero/storage/E5P5XBJ2/ui.adsabs.harvard.edu.html}
}

@article{art:beck+2012,
  title = {Constraining the Core-Rotation Rate in Red-Giant Stars from {{Kepler}} Space Photometry},
  volume = {333},
  doi = {10.1002/asna.201211787},
  number = {10},
  journal = {Astron. Nachrichten},
  author = {Beck, P. G. and De Ridder, J. and Aerts, C. and Kallinger, T. and Hekker, S. and Garc\'ia, R. A. and Mosser, B. and Davies, G. R.},
  month = dec,
  year = {2012},
  pages = {967},
  file = {/home/oliver/.zotero/zotero/jo6li438.default/zotero/storage/JQ54BZLW/Beck et al. - 2012 - Constraining the core-rotation rate in red-giant s.pdf;/home/oliver/.zotero/zotero/jo6li438.default/zotero/storage/UZ93VN4K/ui.adsabs.harvard.edu.html}
}

@article{art:deheuvels+2012a,
  title = {Seismic {{Evidence}} for a {{Rapidly Rotating Core}} in a {{Lower}}-Giant-Branch {{Star Observed}} with {{Kepler}}},
  volume = {756},
  doi = {10.1088/0004-637X/756/1/19},
  number = {1},
  journal = {Astrophys. J.},
  author = {Deheuvels, S. and Garc\'ia, R. A. and Chaplin, W. J. and Basu, S. and Antia, H. M. and Appourchaux, T. and Benomar, O. and Davies, G. R. and Elsworth, Y. and Gizon, L. and Goupil, M. J. and Reese, D. R. and Regulo, C. and Schou, J. and Stahn, T. and Casagrande, L. and {Christensen-Dalsgaard}, J. and Fischer, D. and Hekker, S. and Kjeldsen, H. and Mathur, S. and Mosser, B. and Pinsonneault, M. and Valenti, J. and Christiansen, J. L. and Kinemuchi, K. and Mullally, F.},
  month = sep,
  year = {2012},
  pages = {19},
  file = {/home/oliver/.zotero/zotero/jo6li438.default/zotero/storage/DVSUNXET/Deheuvels et al. - 2012 - Seismic Evidence for a Rapidly Rotating Core in a .pdf;/home/oliver/.zotero/zotero/jo6li438.default/zotero/storage/VCCB5QXW/ui.adsabs.harvard.edu.html}
}

@article{art:deheuvels+2014,
  title = {Seismic Constraints on the Radial Dependence of the Internal Rotation Profiles of Six {{Kepler}} Subgiants and Young Red Giants},
  volume = {564},
  doi = {10.1051/0004-6361/201322779},
  language = {en},
  journal = {Astron. Astrophys.},
  author = {Deheuvels, S. and Do{\u g}an, G. and Goupil, M. J. and Appourchaux, T. and Benomar, O. and Bruntt, H. and Campante, T. L. and Casagrande, L. and Ceillier, T. and Davies, G. R. and De Cat, P. and Fu, J. N. and Garc\'ia, R. A. and Lobel, A. and Mosser, B. and Reese, D. R. and Regulo, C. and Schou, J. and Stahn, T. and Thygesen, A. O. and Yang, X. H. and Chaplin, W. J. and {Christensen-Dalsgaard}, J. and Eggenberger, P. and Gizon, L. and Mathis, S. and {Molenda-\.{Z}akowicz}, J. and Pinsonneault, M.},
  month = apr,
  year = {2014},
  pages = {A27},
  file = {/home/oliver/.zotero/zotero/jo6li438.default/zotero/storage/2VTAJ2F3/Deheuvels et al. - 2014 - Seismic constraints on the radial dependence of th.pdf;/home/oliver/.zotero/zotero/jo6li438.default/zotero/storage/VXUVKCTK/ui.adsabs.harvard.edu.html}
}

@article{art:mosser+2012,
  title = {Spin down of the Core Rotation in Red Giants},
  volume = {548},
  doi = {10.1051/0004-6361/201220106},
  language = {en},
  journal = {Astron. Astrophys.},
  author = {Mosser, B. and Goupil, M. J. and Belkacem, K. and Marques, J. P. and Beck, P. G. and Bloemen, S. and De Ridder, J. and Barban, C. and Deheuvels, S. and Elsworth, Y. and Hekker, S. and Kallinger, T. and Ouazzani, R. M. and Pinsonneault, M. and Samadi, R. and Stello, D. and Garc\'ia, R. A. and Klaus, T. C. and Li, J. and Mathur, S. and Morris, R. L.},
  month = dec,
  year = {2012},
  pages = {A10},
  file = {/home/oliver/.zotero/zotero/jo6li438.default/zotero/storage/R8W3GG3I/Mosser et al. - 2012 - Spin down of the core rotation in red giants.pdf;/home/oliver/.zotero/zotero/jo6li438.default/zotero/storage/4LHWZP57/ui.adsabs.harvard.edu.html}
}

@article{art:mosser+2012a,
  title = {Probing the Core Structure and Evolution of Red Giants Using Gravity-Dominated Mixed Modes Observed with {{Kepler}}},
  volume = {540},
  doi = {10.1051/0004-6361/201118519},
  language = {en},
  journal = {Astron. Astrophys.},
  author = {Mosser, B. and Goupil, M. J. and Belkacem, K. and Michel, E. and Stello, D. and Marques, J. P. and Elsworth, Y. and Barban, C. and Beck, P. G. and Bedding, T. R. and De Ridder, J. and Garc\'ia, R. A. and Hekker, S. and Kallinger, T. and Samadi, R. and Stumpe, M. C. and Barclay, T. and Burke, C. J.},
  month = apr,
  year = {2012},
  pages = {A143},
  file = {/home/oliver/.zotero/zotero/jo6li438.default/zotero/storage/HKDVY55K/Mosser et al. - 2012 - Probing the core structure and evolution of red gi.pdf;/home/oliver/.zotero/zotero/jo6li438.default/zotero/storage/6FVCBW6D/ui.adsabs.harvard.edu.html}
}

@article{art:miglio+2013,
  title = {Galactic Archaeology: Mapping and Dating Stellar Populations with Asteroseismology of Red-Giant Stars},
  volume = {429},
  shorttitle = {Galactic Archaeology},
  doi = {10.1093/mnras/sts345},
  number = {1},
  journal = {Mon. Not. R. Astron. Soc.},
  author = {Miglio, A. and Chiappini, C. and Morel, T. and Barbieri, M. and Chaplin, W. J. and Girardi, L. and Montalb\'an, J. and Valentini, M. and Mosser, B. and Baudin, F. and Casagrande, L. and Fossati, L. and Silva Aguirre, V. and Baglin, A.},
  month = feb,
  year = {2013},
  pages = {423},
  file = {/home/oliver/.zotero/zotero/jo6li438.default/zotero/storage/HRSEZHAG/Miglio et al. - 2013 - Galactic archaeology mapping and dating stellar p.pdf;/home/oliver/.zotero/zotero/jo6li438.default/zotero/storage/MTUVCK8P/ui.adsabs.harvard.edu.html}
}

@article{art:casagrande+2016,
  title = {Measuring the Vertical Age Structure of the {{Galactic}} Disc Using Asteroseismology and {{SAGA}}},
  volume = {455},
  doi = {10.1093/mnras/stv2320},
  number = {1},
  journal = {Mon. Not. R. Astron. Soc.},
  author = {Casagrande, L. and Silva Aguirre, V. and Schlesinger, K. J. and Stello, D. and Huber, D. and Serenelli, A. M. and Sch\"onrich, R. and Cassisi, S. and Pietrinferni, A. and Hodgkin, S. and Milone, A. P. and Feltzing, S. and Asplund, M.},
  month = jan,
  year = {2016},
  pages = {987},
  file = {/home/oliver/.zotero/zotero/jo6li438.default/zotero/storage/PE7PM43D/Casagrande et al. - 2016 - Measuring the vertical age structure of the Galact.pdf;/home/oliver/.zotero/zotero/jo6li438.default/zotero/storage/CI53V5WI/ui.adsabs.harvard.edu.html}
}

@article{art:stello+2015,
  title = {Oscillating {{Red Giants Observed}} during {{Campaign}} 1 of the {{Kepler K2 Mission}}: {{New Prospects}} for {{Galactic Archaeology}}},
  volume = {809},
  shorttitle = {Oscillating {{Red Giants Observed}} during {{Campaign}} 1 of the {{Kepler K2 Mission}}},
  doi = {10.1088/2041-8205/809/1/L3},
  number = {1},
  journal = {Astrophys. J.},
  author = {Stello, Dennis and Huber, Daniel and Sharma, Sanjib and Johnson, Jennifer and Lund, Mikkel N. and Handberg, Rasmus and Buzasi, Derek L. and Silva Aguirre, Victor and Chaplin, William J. and Miglio, Andrea and Pinsonneault, Marc and Basu, Sarbani and Bedding, Tim R. and {Bland-Hawthorn}, Joss and Casagrande, Luca and Davies, Guy and Elsworth, Yvonne and Garcia, Rafael A. and Mathur, Savita and Mauro, Di and Pia, Maria and Mosser, Benoit and Schneider, Donald P. and Serenelli, Aldo and Valentini, Marica},
  month = aug,
  year = {2015},
  pages = {L3},
  file = {/home/oliver/.zotero/zotero/jo6li438.default/zotero/storage/FWLHV97C/Stello et al. - 2015 - Oscillating Red Giants Observed during Campaign 1 .pdf;/home/oliver/.zotero/zotero/jo6li438.default/zotero/storage/7V32NMRF/ui.adsabs.harvard.edu.html}
}

@article{art:mosser+2012b,
  title = {Characterization of the Power Excess of Solar-like Oscillations in Red Giants with {{Kepler}}},
  volume = {537},
  doi = {10.1051/0004-6361/201117352},
  language = {en},
  journal = {Astron. Astrophys.},
  author = {Mosser, B. and Elsworth, Y. and Hekker, S. and Huber, D. and Kallinger, T. and Mathur, S. and Belkacem, K. and Goupil, M. J. and Samadi, R. and Barban, C. and Bedding, T. R. and Chaplin, W. J. and Garc\'ia, R. A. and Stello, D. and De Ridder, J. and Middour, C. K. and Morris, R. L. and Quintana, E. V.},
  month = jan,
  year = {2012},
  pages = {A30},
  file = {/home/oliver/.zotero/zotero/jo6li438.default/zotero/storage/TTMANT7W/Mosser et al. - 2012 - Characterization of the power excess of solar-like.pdf;/home/oliver/.zotero/zotero/jo6li438.default/zotero/storage/GN8XATIS/ui.adsabs.harvard.edu.html}
}

@article{art:huber+2014,
  title = {Revised {{Stellar Properties}} of {{Kepler Targets}} for the {{Quarter}} 1-16 {{Transit Detection Run}}},
  volume = {211},
  doi = {10.1088/0067-0049/211/1/2},
  number = {1},
  journal = {Astrophys. J. Suppl. Ser.},
  author = {Huber, Daniel and Silva Aguirre, Victor and Matthews, Jaymie M. and Pinsonneault, Marc H. and Gaidos, Eric and Garc\'ia, Rafael A. and Hekker, Saskia and Mathur, Savita and Mosser, Benoit and Torres, Guillermo and Bastien, Fabienne A. and Basu, Sarbani and Bedding, Timothy R. and Chaplin, William J. and Demory, Brice-Olivier and Fleming, Scott W. and Guo, Zhao and Mann, Andrew W. and Rowe, Jason F. and Serenelli, Aldo M. and Smith, Myron A. and Stello, Dennis},
  month = mar,
  year = {2014},
  pages = {2},
  file = {/home/oliver/.zotero/zotero/jo6li438.default/zotero/storage/6UQDAXEM/Huber et al. - 2014 - Revised Stellar Properties of Kepler Targets for t.pdf;/home/oliver/.zotero/zotero/jo6li438.default/zotero/storage/85RN2555/ui.adsabs.harvard.edu.html}
}

@article{art:metcalfe+2014,
  title = {Properties of 42 {{Solar}}-Type {{Kepler Targets}} from the {{Asteroseismic Modeling Portal}}},
  volume = {214},
  doi = {10.1088/0067-0049/214/2/27},
  number = {2},
  journal = {Astrophys. J. Suppl. Ser.},
  author = {Metcalfe, T. S. and Creevey, O. L. and Do{\u g}an, G. and Mathur, S. and Xu, H. and Bedding, T. R. and Chaplin, W. J. and {Christensen-Dalsgaard}, J. and Karoff, C. and Trampedach, R. and Benomar, O. and Brown, B. P. and Buzasi, D. L. and Campante, T. L. and {\c C}elik, Z. and Cunha, M. S. and Davies, G. R. and Deheuvels, S. and Derekas, A. and Mauro, Di and P, M. and Garc\'ia, R. A. and Guzik, J. A. and Howe, R. and MacGregor, K. B. and Mazumdar, A. and Montalb\'an, J. and Monteiro, M. J. P. F. G. and Salabert, D. and Serenelli, A. and Stello, D. and Ste\&șacute and Licki, M. and Suran, M. D. and Y\i{}ld\i{}z, M. and Aksoy, C. and Elsworth, Y. and Gruberbauer, M. and Guenther, D. B. and Lebreton, Y. and Molaverdikhani, K. and Pricopi, D. and Simoniello, R. and White, T. R.},
  month = oct,
  year = {2014},
  pages = {27},
  file = {/home/oliver/.zotero/zotero/jo6li438.default/zotero/storage/334RPZSQ/Metcalfe et al. - 2014 - Properties of 42 Solar-type Kepler Targets from th.pdf;/home/oliver/.zotero/zotero/jo6li438.default/zotero/storage/TI8BKYRL/ui.adsabs.harvard.edu.html}
}

@article{art:metcalfe+2012,
  title = {First {{Results}} from the {{Asteroseismic Modeling Portal}}},
  volume = {462},
  journal = {Prog. SolarStellar Phys. Helio- Asteroseismol.},
  author = {Metcalfe, T. S. and Mathur, S. and Do{\u g}an, G. and Woitaszek, M.},
  month = sep,
  year = {2012},
  pages = {213},
  file = {/home/oliver/.zotero/zotero/jo6li438.default/zotero/storage/R8RHQPA7/Metcalfe et al. - 2012 - First Results from the Asteroseismic Modeling Port.pdf;/home/oliver/.zotero/zotero/jo6li438.default/zotero/storage/8P8QHR8E/ui.adsabs.harvard.edu.html}
}

@article{art:jao+2016,
  title = {Distance-Dependent {{Offsets}} between {{Parallaxes}} for {{Nearby Stars}} and {{Gaia DR1 Parallaxes}}},
  volume = {832},
  doi = {10.3847/2041-8205/832/1/L18},
  number = {1},
  journal = {Astrophys. J.},
  author = {Jao, Wei-Chun and Henry, Todd J. and Riedel, Adric R. and Winters, Jennifer G. and Slatten, Kenneth J. and Gies, Douglas R.},
  month = nov,
  year = {2016},
  pages = {L18},
  file = {/home/oliver/.zotero/zotero/jo6li438.default/zotero/storage/Z39JDWFT/Jao et al. - 2016 - Distance-dependent Offsets between Parallaxes for .pdf;/home/oliver/.zotero/zotero/jo6li438.default/zotero/storage/I3AFI5ZZ/ui.adsabs.harvard.edu.html}
}

@article{art:bilir+2008,
  title = {Transformations between {{2MASS}}, {{SDSS}} and {{BVRI}} Photometric Systems: Bridging the near-Infrared and Optical},
  volume = {384},
  issn = {0035-8711},
  shorttitle = {Transformations between {{2MASS}}, {{SDSS}} and {{BVRI}} Photometric Systems},
  doi = {10.1111/j.1365-2966.2007.12783.x},
  journal = {Monthly Notices of the Royal Astronomical Society},
  author = {Bilir, S. and Ak, S. and Karaali, S. and {Cabrera-Lavers}, A. and Chonis, T. S. and Gaskell, C. M.},
  month = mar,
  year = {2008},
  keywords = {techniques: photometric,catalgues: surveys},
  pages = {1178-1188},
  file = {/home/oliver/.zotero/zotero/jo6li438.default/zotero/storage/2GK4QBZA/Bilir et al. - 2008 - Transformations between 2MASS, SDSS and BVRI photo.pdf}
}

@article{art:salaris+2018,
  title = {Effective Temperatures of Red Giants in the {{APOKASC}} Catalogue and the Mixing Length Calibration in Stellar Models},
  volume = {612},
  doi = {10.1051/0004-6361/201732340},
  journal = {Astron. Astrophys.},
  author = {Salaris, M. and Cassisi, S. and Schiavon, R. P. and Pietrinferni, A.},
  month = apr,
  year = {2018},
  pages = {A68},
  file = {/home/oliver/.zotero/zotero/jo6li438.default/zotero/storage/DCN29LJA/Salaris et al. - 2018 - Effective temperatures of red giants in the APOKAS.pdf;/home/oliver/.zotero/zotero/jo6li438.default/zotero/storage/IQWVV4IJ/ui.adsabs.harvard.edu.html}
}

@article{art:vanhoey+2013,
  title = {Python Package for Model {{STructure ANalysis}} ({{pySTAN}})},
  volume = {15},
  journal = {EGU Gen. Assem. Conf. Abstr.},
  author = {Van Hoey, Stijn and {van der Kwast}, Johannes and Nopens, Ingmar and Seuntjens, Piet},
  month = apr,
  year = {2013},
  pages = {EGU2013-10059},
  file = {/home/oliver/.zotero/zotero/jo6li438.default/zotero/storage/VSSJNGE2/Van Hoey et al. - 2013 - Python package for model STructure ANalysis (pySTA.pdf;/home/oliver/.zotero/zotero/jo6li438.default/zotero/storage/4JE5569C/ui.adsabs.harvard.edu.html}
}

@article{art:sahlholdt+silvaaguirre2018,
       author = {{Sahlholdt}, Christian L. and {Silva Aguirre}, Victor},
        title = "{Asteroseismic radii of dwarfs: new accuracy constraints from Gaia DR2 parallaxes}",
      journal = {\mnras},
     keywords = {asteroseismology, stars: fundamental parameters, Astrophysics - Solar and Stellar Astrophysics},
         year = "2018",
        month = "Nov",
       volume = {481},
        pages = {L125-L129},
          doi = {10.1093/mnrasl/sly173},
archivePrefix = {arXiv},
       eprint = {1809.05112},
 primaryClass = {astro-ph.SR},
       adsurl = {https://ui.adsabs.harvard.edu/\#abs/2018MNRAS.481L.125S},
      adsnote = {Provided by the SAO/NASA Astrophysics Data System}
}


@article{art:shanks+2018,
       author = {{Shanks}, T. and {Hogarth}, L.~M. and {Metcalfe}, N.},
        title = "{Gaia Cepheid parallaxes and 'Local Hole' relieve H$_{0}$ tension}",
      journal = {\mnras},
     keywords = {distance scale, Astrophysics - Cosmology and Nongalactic Astrophysics, Astrophysics - Astrophysics of Galaxies},
         year = "2019",
        month = "Mar",
       volume = {484},
        pages = {L64-L68},
          doi = {10.1093/mnrasl/sly239},
archivePrefix = {arXiv},
       eprint = {1810.02595},
 primaryClass = {astro-ph.CO},
       adsurl = {https://ui.adsabs.harvard.edu/\#abs/2019MNRAS.484L..64S},
      adsnote = {Provided by the SAO/NASA Astrophysics Data System}
}

@article{art:alves2000,
  title = {K-{{Band Calibration}} of the {{Red Clump Luminosity}}},
  volume = {539},
  doi = {10.1086/309278},
  number = {2},
  journal = {Astrophys. J.},
  author = {Alves, David R.},
  month = aug,
  year = {2000},
  pages = {732},
  file = {/home/oliver/.zotero/zotero/jo6li438.default/zotero/storage/BV6HTM6I/Alves - 2000 - K-Band Calibration of the Red Clump Luminosity.pdf;/home/oliver/.zotero/zotero/jo6li438.default/zotero/storage/BN96QLPH/ui.adsabs.harvard.edu.html}
}

@article{art:groenewegen2008,
  title = {The Red Clump Absolute Magnitude Based on Revised {{Hipparcos}} Parallaxes},
  volume = {488},
  doi = {10.1051/0004-6361:200810201},
  language = {en},
  number = {3},
  journal = {Astron. Astrophys.},
  author = {Groenewegen, M. a. T.},
  month = sep,
  year = {2008},
  pages = {935},
  file = {/home/oliver/.zotero/zotero/jo6li438.default/zotero/storage/9F4QNFE5/Groenewegen - 2008 - The red clump absolute magnitude based on revised .pdf;/home/oliver/.zotero/zotero/jo6li438.default/zotero/storage/DC7UWZD5/ui.adsabs.harvard.edu.html}
}

@article{art:montalban+2010,
  title = {Seismic {{Diagnostics}} of {{Red Giants}}: {{First Comparison}} with {{Stellar Models}}},
  volume = {721},
  shorttitle = {Seismic {{Diagnostics}} of {{Red Giants}}},
  doi = {10.1088/2041-8205/721/2/L182},
  number = {2},
  journal = {Astrophys. J.},
  author = {Montalb\'an, J. and Miglio, A. and Noels, A. and Scuflaire, R. and Ventura, P.},
  month = oct,
  year = {2010},
  pages = {L182},
  file = {/home/oliver/.zotero/zotero/jo6li438.default/zotero/storage/848D3HGR/Montalbán et al. - 2010 - Seismic Diagnostics of Red Giants First Compariso.pdf;/home/oliver/.zotero/zotero/jo6li438.default/zotero/storage/UCM5ADRS/ui.adsabs.harvard.edu.html}
}

@article{art:udalski2000,
  title = {The {{Optical Gravitational Lensing Experiment}}: {{Red Clump Stars}} as a {{Distance Indicator}}},
  volume = {531},
  shorttitle = {The {{Optical Gravitational Lensing Experiment}}},
  doi = {10.1086/312513},
  number = {1},
  journal = {Astrophys. J.},
  author = {Udalski, A.},
  month = mar,
  year = {2000},
  pages = {L25},
  file = {/home/oliver/.zotero/zotero/jo6li438.default/zotero/storage/ZR56URQY/Udalski - 2000 - The Optical Gravitational Lensing Experiment Red .pdf;/home/oliver/.zotero/zotero/jo6li438.default/zotero/storage/8WDFK8HY/ui.adsabs.harvard.edu.html}
}

@article{art:viani+2017,
  title = {Changing the $\nu$ Max {{Scaling Relation}}: {{The Need}} for a {{Mean Molecular Weight Term}}},
  volume = {843},
  issn = {0004-637X},
  shorttitle = {Changing the $\nu$ Max {{Scaling Relation}}},
  doi = {10.3847/1538-4357/aa729c},
  journal = {The Astrophysical Journal},
  author = {Viani, Lucas S. and Basu, Sarbani and Chaplin, William J. and Davies, Guy R. and Elsworth, Yvonne},
  month = jul,
  year = {2017},
  keywords = {stars: fundamental parameters,stars: oscillations,stars: interiors},
  pages = {11},
  file = {/home/oliver/.zotero/zotero/jo6li438.default/zotero/storage/CYP5TAF9/Viani et al. - 2017 - Changing the ν max Scaling Relation The Need for .pdf}
}

@article{art:slumstrup+2018,
       author = {{Slumstrup}, D. and {Grundahl}, F. and {Silva Aguirre}, V. and
         {Brogaard}, K.},
        title = "{Systematic differences in the spectroscopic analysis of red giants}",
      journal = {\aap},
     keywords = {stars: fundamental parameters, stars: abundances, open clusters and associations: individual: NGC 6819, open clusters and associations: individual: M67, open clusters and associations: individual: NGC 188, stars: late-type, Astrophysics - Solar and Stellar Astrophysics},
         year = "2019",
        month = "Feb",
       volume = {622},
          eid = {A111},
        pages = {A111},
          doi = {10.1051/0004-6361/201833739},
archivePrefix = {arXiv},
       eprint = {1812.05630},
 primaryClass = {astro-ph.SR},
       adsurl = {https://ui.adsabs.harvard.edu/\#abs/2019A&A...622A.111S},
      adsnote = {Provided by the SAO/NASA Astrophysics Data System}
}


@misc{zotero-1913,
  title = {{{ADS Search}}},
  howpublished = {https://ui.adsabs.harvard.edu/\#search/q=author\%3A\%22\%5EBressan\%22\%20year\%3A2012\&sort=date\%20desc\%2C\%20bibcode\%20desc\&p\_=0},
  file = {/home/oliver/.zotero/zotero/jo6li438.default/zotero/storage/ULN7LR34/ui.adsabs.harvard.edu.html}
}

@article{art:bressan+2012,
  title = {{{PARSEC}}: Stellar Tracks and Isochrones with the {{PAdova}} and {{TRieste Stellar Evolution Code}}},
  volume = {427},
  shorttitle = {{{PARSEC}}},
  doi = {10.1111/j.1365-2966.2012.21948.x},
  number = {1},
  journal = {Mon. Not. R. Astron. Soc.},
  author = {Bressan, Alessandro and Marigo, Paola and Girardi, L\'eo and Salasnich, Bernardo and Dal Cero, Claudia and Rubele, Stefano and Nanni, Ambra},
  month = nov,
  year = {2012},
  pages = {127},
  file = {/home/oliver/.zotero/zotero/jo6li438.default/zotero/storage/PFZEJ97R/Bressan et al. - 2012 - PARSEC stellar tracks and isochrones with the PAd.pdf;/home/oliver/.zotero/zotero/jo6li438.default/zotero/storage/9T7VTFJI/ui.adsabs.harvard.edu.html}
}

@article{art:castellani+2000,
  title = {The Puzzling Theoretical Predictions for the Luminosity of Clumping {{He}} Burning Stars},
  volume = {354},
  journal = {Astron. Astrophys.},
  author = {Castellani, V. and Degl'Innocenti, S. and Girardi, L. and Marconi, M. and Prada Moroni, P. G. and Weiss, A.},
  month = feb,
  year = {2000},
  pages = {150},
  file = {/home/oliver/.zotero/zotero/jo6li438.default/zotero/storage/RVHNMGTG/Castellani et al. - 2000 - The puzzling theoretical predictions for the lumin.pdf;/home/oliver/.zotero/zotero/jo6li438.default/zotero/storage/QRX58A7E/ui.adsabs.harvard.edu.html}
}

@article{art:collaboration+2018,
  title = {The {{Astropy Project}}: {{Building}} an {{Open}}-Science {{Project}} and {{Status}} of the v2.0 {{Core Package}}},
  volume = {156},
  shorttitle = {The {{Astropy Project}}},
  doi = {10.3847/1538-3881/aabc4f},
  number = {3},
  journal = {Astron. J.},
  author = {Collaboration, Astropy and {Price-Whelan}, A. M. and Sip{\H o}cz, B. M. and G\"unther, H. M. and Lim, P. L. and Crawford, S. M. and Conseil, S. and Shupe, D. L. and Craig, M. W. and Dencheva, N. and Ginsburg, A. and VanderPlas, J. T. and Bradley, L. D. and {P\'erez-Su\'arez}, D. and {de Val-Borro}, M. and Aldcroft, T. L. and Cruz, K. L. and Robitaille, T. P. and Tollerud, E. J. and Ardelean, C. and Babej, T. and Bach, Y. P. and Bachetti, M. and Bakanov, A. V. and Bamford, S. P. and Barentsen, G. and Barmby, P. and Baumbach, A. and Berry, K. L. and Biscani, F. and Boquien, M. and Bostroem, K. A. and Bouma, L. G. and Brammer, G. B. and Bray, E. M. and Breytenbach, H. and Buddelmeijer, H. and Burke, D. J. and Calderone, G. and Cano Rodr\'iguez, J. L. and Cara, M. and Cardoso, J. V. M. and Cheedella, S. and Copin, Y. and Corrales, L. and Crichton, D. and D'Avella, D. and Deil, C. and Depagne, \'E and Dietrich, J. P. and Donath, A. and Droettboom, M. and Earl, N. and Erben, T. and Fabbro, S. and Ferreira, L. A. and Finethy, T. and Fox, R. T. and Garrison, L. H. and Gibbons, S. L. J. and Goldstein, D. A. and Gommers, R. and Greco, J. P. and Greenfield, P. and Groener, A. M. and Grollier, F. and Hagen, A. and Hirst, P. and Homeier, D. and Horton, A. J. and Hosseinzadeh, G. and Hu, L. and Hunkeler, J. S. and Ivezi\'c, {\v Z} and Jain, A. and Jenness, T. and Kanarek, G. and Kendrew, S. and Kern, N. S. and Kerzendorf, W. E. and Khvalko, A. and King, J. and Kirkby, D. and Kulkarni, A. M. and Kumar, A. and Lee, A. and Lenz, D. and Littlefair, S. P. and Ma, Z. and Macleod, D. M. and Mastropietro, M. and McCully, C. and Montagnac, S. and Morris, B. M. and Mueller, M. and Mumford, S. J. and Muna, D. and Murphy, N. A. and Nelson, S. and Nguyen, G. H. and Ninan, J. P. and N\"othe, M. and Ogaz, S. and Oh, S. and Parejko, J. K. and Parley, N. and Pascual, S. and Patil, R. and Patil, A. A. and Plunkett, A. L. and Prochaska, J. X. and Rastogi, T. and Reddy Janga, V. and Sabater, J. and Sakurikar, P. and Seifert, M. and Sherbert, L. E. and {Sherwood-Taylor}, H. and Shih, A. Y. and Sick, J. and Silbiger, M. T. and Singanamalla, S. and Singer, L. P. and Sladen, P. H. and Sooley, K. A. and Sornarajah, S. and Streicher, O. and Teuben, P. and Thomas, S. W. and Tremblay, G. R. and Turner, J. E. H. and Terr\'on, V. and {van Kerkwijk}, M. H. and {de la Vega}, A. and Watkins, L. L. and Weaver, B. A. and Whitmore, J. B. and Woillez, J. and Zabalza, V. and Contributors, Astropy},
  month = sep,
  year = {2018},
  pages = {123},
  file = {/home/oliver/.zotero/zotero/jo6li438.default/zotero/storage/7CRTTY3I/Collaboration et al. - 2018 - The Astropy Project Building an Open-science Proj.pdf;/home/oliver/.zotero/zotero/jo6li438.default/zotero/storage/E6HZVM6M/ui.adsabs.harvard.edu.html}
}

@article{art:carpenter+2017,
  title = {Stan: {{A Probabilistic Programming Language}}},
  volume = {76},
  copyright = {Copyright (c) 2017 Bob Carpenter, Andrew Gelman, Matthew D. Hoffman, Daniel Lee, Ben Goodrich, Michael Betancourt, Marcus Brubaker, Jiqiang Guo, Peter Li, Allen Riddell},
  issn = {1548-7660},
  shorttitle = {Stan},
  doi = {10.18637/jss.v076.i01},
  language = {en},
  number = {1},
  journal = {J. Stat. Softw.},
  author = {Carpenter, Bob and Gelman, Andrew and Hoffman, Matthew D. and Lee, Daniel and Goodrich, Ben and Betancourt, Michael and Brubaker, Marcus and Guo, Jiqiang and Li, Peter and Riddell, Allen},
  month = jan,
  year = {2017},
  keywords = {algorithmic differentiation,Bayesian inference,probabilistic programming,Stan},
  pages = {1-32},
  file = {/home/oliver/.zotero/zotero/jo6li438.default/zotero/storage/UFEVNAC8/Carpenter et al. - 2017 - Stan A Probabilistic Programming Language.pdf;/home/oliver/.zotero/zotero/jo6li438.default/zotero/storage/3EHCGMPI/v076i01.html}
}

@article{art:astropycollaboration+2013,
  title = {Astropy: {{A}} Community {{Python}} Package for Astronomy},
  volume = {558},
  issn = {0004-6361},
  shorttitle = {Astropy},
  doi = {10.1051/0004-6361/201322068},
  journal = {Astronomy and Astrophysics},
  author = {{Astropy Collaboration} and Robitaille, Thomas P. and Tollerud, Erik J. and Greenfield, Perry and Droettboom, Michael and Bray, Erik and Aldcroft, Tom and Davis, Matt and Ginsburg, Adam and {Price-Whelan}, Adrian M. and Kerzendorf, Wolfgang E. and Conley, Alexander and Crighton, Neil and Barbary, Kyle and Muna, Demitri and Ferguson, Henry and Grollier, Fr\'ed\'eric and Parikh, Madhura M. and Nair, Prasanth H. and Unther, Hans M. and Deil, Christoph and Woillez, Julien and Conseil, Simon and Kramer, Roban and Turner, James E. H. and Singer, Leo and Fox, Ryan and Weaver, Benjamin A. and Zabalza, Victor and Edwards, Zachary I. and Azalee Bostroem, K. and Burke, D. J. and Casey, Andrew R. and Crawford, Steven M. and Dencheva, Nadia and Ely, Justin and Jenness, Tim and Labrie, Kathleen and Lim, Pey Lian and Pierfederici, Francesco and Pontzen, Andrew and Ptak, Andy and Refsdal, Brian and Servillat, Mathieu and Streicher, Ole},
  month = oct,
  year = {2013},
  keywords = {methods: data analysis,methods: miscellaneous,virtual observatory tools},
  pages = {A33},
  file = {/home/oliver/.zotero/zotero/jo6li438.default/zotero/storage/QGLEY4BD/Astropy Collaboration et al. - 2013 - Astropy A community Python package for astronomy.pdf}
}

@article{art:astropycollaboration+2018,
  title = {The {{Astropy Project}}: {{Building}} an {{Open}}-Science {{Project}} and {{Status}} of the v2.0 {{Core Package}}},
  volume = {156},
  issn = {0004-6256},
  shorttitle = {The {{Astropy Project}}},
  doi = {10.3847/1538-3881/aabc4f},
  journal = {The Astronomical Journal},
  author = {{Astropy Collaboration} and {Price-Whelan}, A. M. and Sip{\H o}cz, B. M. and G\"unther, H. M. and Lim, P. L. and Crawford, S. M. and Conseil, S. and Shupe, D. L. and Craig, M. W. and Dencheva, N. and Ginsburg, A. and VanderPlas, J. T. and Bradley, L. D. and {P\'erez-Su\'arez}, D. and {de Val-Borro}, M. and Aldcroft, T. L. and Cruz, K. L. and Robitaille, T. P. and Tollerud, E. J. and Ardelean, C. and Babej, T. and Bach, Y. P. and Bachetti, M. and Bakanov, A. V. and Bamford, S. P. and Barentsen, G. and Barmby, P. and Baumbach, A. and Berry, K. L. and Biscani, F. and Boquien, M. and Bostroem, K. A. and Bouma, L. G. and Brammer, G. B. and Bray, E. M. and Breytenbach, H. and Buddelmeijer, H. and Burke, D. J. and Calderone, G. and Cano Rodr\'iguez, J. L. and Cara, M. and Cardoso, J. V. M. and Cheedella, S. and Copin, Y. and Corrales, L. and Crichton, D. and D'Avella, D. and Deil, C. and Depagne, \'E. and Dietrich, J. P. and Donath, A. and Droettboom, M. and Earl, N. and Erben, T. and Fabbro, S. and Ferreira, L. A. and Finethy, T. and Fox, R. T. and Garrison, L. H. and Gibbons, S. L. J. and Goldstein, D. A. and Gommers, R. and Greco, J. P. and Greenfield, P. and Groener, A. M. and Grollier, F. and Hagen, A. and Hirst, P. and Homeier, D. and Horton, A. J. and Hosseinzadeh, G. and Hu, L. and Hunkeler, J. S. and Ivezi\'c, {\v Z}. and Jain, A. and Jenness, T. and Kanarek, G. and Kendrew, S. and Kern, N. S. and Kerzendorf, W. E. and Khvalko, A. and King, J. and Kirkby, D. and Kulkarni, A. M. and Kumar, A. and Lee, A. and Lenz, D. and Littlefair, S. P. and Ma, Z. and Macleod, D. M. and Mastropietro, M. and McCully, C. and Montagnac, S. and Morris, B. M. and Mueller, M. and Mumford, S. J. and Muna, D. and Murphy, N. A. and Nelson, S. and Nguyen, G. H. and Ninan, J. P. and N\"othe, M. and Ogaz, S. and Oh, S. and Parejko, J. K. and Parley, N. and Pascual, S. and Patil, R. and Patil, A. A. and Plunkett, A. L. and Prochaska, J. X. and Rastogi, T. and Reddy Janga, V. and Sabater, J. and Sakurikar, P. and Seifert, M. and Sherbert, L. E. and {Sherwood-Taylor}, H. and Shih, A. Y. and Sick, J. and Silbiger, M. T. and Singanamalla, S. and Singer, L. P. and Sladen, P. H. and Sooley, K. A. and Sornarajah, S. and Streicher, O. and Teuben, P. and Thomas, S. W. and Tremblay, G. R. and Turner, J. E. H. and Terr\'on, V. and {van Kerkwijk}, M. H. and {de la Vega}, A. and Watkins, L. L. and Weaver, B. A. and Whitmore, J. B. and Woillez, J. and Zabalza, V. and {Astropy Contributors}},
  month = sep,
  year = {2018},
  keywords = {methods: data analysis,methods: miscellaneous,methods: statistical,reference systems},
  pages = {123},
  file = {/home/oliver/.zotero/zotero/jo6li438.default/zotero/storage/UMZBPMMS/Astropy Collaboration et al. - 2018 - The Astropy Project Building an Open-science Proj.pdf}
}

@article{art:bellinger+2018,
       author = {{Bellinger}, E.~P. and {Hekker}, S. and {Angelou}, G.~C. and
         {Stokholm}, A. and {Basu}, S.},
        title = "{Stellar ages, masses, and radii from asteroseismic modeling are robust to systematic errors in spectroscopy}",
      journal = {\aap},
     keywords = {asteroseismology, stars: abundances, stars: low-mass, planets and satellites: fundamental parameters, stars: oscillations, stars: evolution, Astrophysics - Solar and Stellar Astrophysics},
         year = "2019",
        month = "Feb",
       volume = {622},
          eid = {A130},
        pages = {A130},
          doi = {10.1051/0004-6361/201834461},
archivePrefix = {arXiv},
       eprint = {1812.06979},
 primaryClass = {astro-ph.SR},
       adsurl = {https://ui.adsabs.harvard.edu/\#abs/2019A&A...622A.130B},
      adsnote = {Provided by the SAO/NASA Astrophysics Data System}
}


@article{art:jofre+2015,
  title = {Stellar Parameters and Chemical Abundances of 223 Evolved Stars with and without Planets},
  volume = {574},
  issn = {0004-6361},
  doi = {10.1051/0004-6361/201424474},
  journal = {Astronomy and Astrophysics},
  author = {Jofr\'e, E. and Petrucci, R. and Saffe, C. and Saker, L. and {de la Villarmois}, E. Artur and Chavero, C. and G\'omez, M. and Mauas, P. J. D.},
  month = feb,
  year = {2015},
  keywords = {stars: fundamental parameters,planetary systems,techniques: spectroscopic,stars: abundances},
  pages = {A50},
  file = {/home/oliver/.zotero/zotero/jo6li438.default/zotero/storage/4YU583TQ/Jofré et al. - 2015 - Stellar parameters and chemical abundances of 223 .pdf}
}

@ARTICLE{art:garcia+2011,
   author = {{Garc{\'{\i}}a}, R.~A. and {Hekker}, S. and {Stello}, D. and 
	{Guti{\'e}rrez-Soto}, J. and {Handberg}, R. and {Huber}, D. and 
	{Karoff}, C. and {Uytterhoeven}, K. and {Appourchaux}, T. and 
	{Chaplin}, W.~J. and {Elsworth}, Y. and {Mathur}, S. and {Ballot}, J. and 
	{Christensen-Dalsgaard}, J. and {Gilliland}, R.~L. and {Houdek}, G. and 
	{Jenkins}, J.~M. and {Kjeldsen}, H. and {McCauliff}, S. and 
	{Metcalfe}, T. and {Middour}, C.~K. and {Molenda-Zakowicz}, J. and 
	{Monteiro}, M.~J.~P.~F.~G. and {Smith}, J.~C. and {Thompson}, M.~J.
	},
    title = "{Preparation of Kepler light curves for asteroseismic analyses}",
  journal = {\mnras},
archivePrefix = "arXiv",
   eprint = {1103.0382},
 primaryClass = "astro-ph.SR",
 keywords = {asteroseismology, methods: data analysis},
     year = 2011,
    month = jun,
   volume = 414,
    pages = {L6-L10},
      doi = {10.1111/j.1745-3933.2011.01042.x},
   adsurl = {http://adsabs.harvard.edu/abs/2011MNRAS.414L...6G},
  adsnote = {Provided by the SAO/NASA Astrophysics Data System}
}

@article{art:garcia+2014,
  title = {Impact on Asteroseismic Analyses of Regular Gaps in {{Kepler}} Data},
  volume = {568},
  issn = {0004-6361},
  doi = {10.1051/0004-6361/201323326},
  journal = {Astronomy and Astrophysics},
  author = {Garc\'ia, R. A. and Mathur, S. and Pires, S. and R\'egulo, C. and Bellamy, B. and Pall\'e, P. L. and Ballot, J. and Barcel\'o Forteza, S. and Beck, P. G. and Bedding, T. R. and Ceillier, T. and Roca Cort\'es, T. and Salabert, D. and Stello, D.},
  month = aug,
  year = {2014},
  keywords = {stars: oscillations,methods: data analysis,asteroseismology},
  pages = {A10},
  file = {/home/oliver/.zotero/zotero/jo6li438.default/zotero/storage/BPWXW7A3/García et al. - 2014 - Impact on asteroseismic analyses of regular gaps i.pdf}
}

@article{art:handberg+lund2014,
  title = {Automated Preparation of {{Kepler}} Time Series of Planet Hosts for Asteroseismic Analysis},
  volume = {445},
  issn = {0035-8711},
  doi = {10.1093/mnras/stu1823},
  journal = {Monthly Notices of the Royal Astronomical Society},
  author = {Handberg, R. and Lund, M. N.},
  month = dec,
  year = {2014},
  keywords = {stars: oscillations,planetary systems,methods: data analysis},
  pages = {2698-2709},
  file = {/home/oliver/.zotero/zotero/jo6li438.default/zotero/storage/IZCUH3YA/Handberg and Lund - 2014 - Automated preparation of Kepler time series of pla.pdf}
}

@article{art:maizapellaniz+weiler2018,
  title = {Reanalysis of the {{Gaia Data Release}} 2 Photometric Sensitivity Curves Using {{HST}}/{{STIS}} Spectrophotometry},
  volume = {619},
  doi = {10.1051/0004-6361/201834051},
  language = {en},
  journal = {Astron. Astrophys.},
  author = {Ma\'iz Apell\'aniz, J. and Weiler, M.},
  month = nov,
  year = {2018},
  pages = {A180},
  file = {/home/oliver/.zotero/zotero/jo6li438.default/zotero/storage/9MSQATQY/Maíz Apellániz and Weiler - 2018 - Reanalysis of the Gaia Data Release 2 photometric .pdf;/home/oliver/.zotero/zotero/jo6li438.default/zotero/storage/WUSUU694/ui.adsabs.harvard.edu.html}
}

@article{art:handberg+lund2014a,
  title = {Automated Preparation of {{Kepler}} Time Series of Planet Hosts for Asteroseismic Analysis},
  volume = {445},
  issn = {0035-8711},
  doi = {10.1093/mnras/stu1823},
  journal = {Monthly Notices of the Royal Astronomical Society},
  author = {Handberg, R. and Lund, M. N.},
  month = dec,
  year = {2014},
  keywords = {stars: oscillations,planetary systems,methods: data analysis},
  pages = {2698-2709}
}

@article{art:sahlholdt+2018,
  title = {Testing Asteroseismic Radii of Dwarfs and Subgiants with {{Kepler}} and {{Gaia}}},
  volume = {476},
  doi = {10.1093/mnras/sty319},
  number = {2},
  journal = {Mon. Not. R. Astron. Soc.},
  author = {Sahlholdt, C. L. and Silva Aguirre, V. and Casagrande, L. and Mosumgaard, J. R. and {Bojsen-Hansen}, M.},
  month = may,
  year = {2018},
  pages = {1931},
  file = {/home/oliver/.zotero/zotero/jo6li438.default/zotero/storage/JRZ7DSGS/Sahlholdt et al. - 2018 - Testing asteroseismic radii of dwarfs and subgiant.pdf;/home/oliver/.zotero/zotero/jo6li438.default/zotero/storage/DC5RHDGL/ui.adsabs.harvard.edu.html}
}

@article{art:white+2011,
  title = {Calculating {{Asteroseismic Diagrams}} for {{Solar}}-like {{Oscillations}}},
  volume = {743},
  doi = {10.1088/0004-637X/743/2/161},
  number = {2},
  journal = {Astrophys. J.},
  author = {White, Timothy R. and Bedding, Timothy R. and Stello, Dennis and {Christensen-Dalsgaard}, J\o{}rgen and Huber, Daniel and Kjeldsen, Hans},
  month = dec,
  year = {2011},
  pages = {161},
  file = {/home/oliver/.zotero/zotero/jo6li438.default/zotero/storage/56Z2B77Y/White et al. - 2011 - Calculating Asteroseismic Diagrams for Solar-like .pdf;/home/oliver/.zotero/zotero/jo6li438.default/zotero/storage/PQ8TV4JG/ui.adsabs.harvard.edu.html}
}

@article{art:christensen-dalsgaard+1988,
  title = {Solar Oscillation Frequencies and the Equation of State},
  volume = {336},
  issn = {0028-0836},
  doi = {10.1038/336634a0},
  number = {6200},
  journal = {Nature},
  author = {{Christensen-Dalsgaard}, J. and Dappen, W. and Lebreton, Y.},
  month = dec,
  year = {1988},
  pages = {634},
  file = {/home/oliver/.zotero/zotero/jo6li438.default/zotero/storage/3U2L47WH/ui.adsabs.harvard.edu.html}
}


